%YAML 1.1
%TAG !u! tag:unity3d.com,2011:
--- !u!29 &1
SceneSettings:
  m_ObjectHideFlags: 0
  m_PVSData: 
  m_PVSObjectsArray: []
  m_PVSPortalsArray: []
  m_OcclusionBakeSettings:
    smallestOccluder: 5
    smallestHole: 0.25
    backfaceThreshold: 100
--- !u!104 &2
RenderSettings:
  m_ObjectHideFlags: 0
  serializedVersion: 7
  m_Fog: 0
  m_FogColor: {r: 0.5, g: 0.5, b: 0.5, a: 1}
  m_FogMode: 3
  m_FogDensity: 0.01
  m_LinearFogStart: 0
  m_LinearFogEnd: 300
  m_AmbientSkyColor: {r: 1, g: 1, b: 1, a: 1}
  m_AmbientEquatorColor: {r: 1, g: 1, b: 1, a: 1}
  m_AmbientGroundColor: {r: 1, g: 1, b: 1, a: 1}
  m_AmbientIntensity: 1
  m_AmbientMode: 3
  m_SkyboxMaterial: {fileID: 0}
  m_HaloStrength: 0.5
  m_FlareStrength: 1
  m_FlareFadeSpeed: 3
  m_HaloTexture: {fileID: 0}
  m_SpotCookie: {fileID: 10001, guid: 0000000000000000e000000000000000, type: 0}
  m_DefaultReflectionMode: 0
  m_DefaultReflectionResolution: 128
  m_ReflectionBounces: 1
  m_ReflectionIntensity: 1
  m_CustomReflection: {fileID: 0}
  m_Sun: {fileID: 0}
  m_IndirectSpecularColor: {r: 0, g: 0, b: 0, a: 1}
--- !u!157 &4
LightmapSettings:
  m_ObjectHideFlags: 0
  serializedVersion: 7
  m_GIWorkflowMode: 1
  m_GISettings:
    serializedVersion: 2
    m_BounceScale: 1
    m_IndirectOutputScale: 1
    m_AlbedoBoost: 1
    m_TemporalCoherenceThreshold: 1
    m_EnvironmentLightingMode: 0
    m_EnableBakedLightmaps: 1
    m_EnableRealtimeLightmaps: 0
  m_LightmapEditorSettings:
    serializedVersion: 4
    m_Resolution: 1
    m_BakeResolution: 50
    m_TextureWidth: 1024
    m_TextureHeight: 1024
    m_AO: 0
    m_AOMaxDistance: 1
    m_CompAOExponent: 0
    m_CompAOExponentDirect: 0
    m_Padding: 2
    m_LightmapParameters: {fileID: 0}
    m_LightmapsBakeMode: 1
    m_TextureCompression: 0
    m_DirectLightInLightProbes: 1
    m_FinalGather: 0
    m_FinalGatherFiltering: 1
    m_FinalGatherRayCount: 1024
    m_ReflectionCompression: 2
  m_LightingDataAsset: {fileID: 0}
  m_RuntimeCPUUsage: 25
--- !u!196 &5
NavMeshSettings:
  serializedVersion: 2
  m_ObjectHideFlags: 0
  m_BuildSettings:
    serializedVersion: 2
    agentRadius: 0.5
    agentHeight: 2
    agentSlope: 45
    agentClimb: 0.4
    ledgeDropHeight: 0
    maxJumpAcrossDistance: 0
    accuratePlacement: 0
    minRegionArea: 2
    cellSize: 0.16666666
    manualCellSize: 0
  m_NavMeshData: {fileID: 0}
--- !u!1 &3821887
GameObject:
  m_ObjectHideFlags: 0
  m_PrefabParentObject: {fileID: 163406, guid: 0ec3a592220ce4046b4ad98b2a7554b2, type: 2}
  m_PrefabInternal: {fileID: 552313908}
  serializedVersion: 4
  m_Component:
  - 4: {fileID: 3821888}
  m_Layer: 0
  m_Name: left_foot
  m_TagString: Untagged
  m_Icon: {fileID: 0}
  m_NavMeshLayer: 0
  m_StaticEditorFlags: 0
  m_IsActive: 1
--- !u!4 &3821888
Transform:
  m_ObjectHideFlags: 0
  m_PrefabParentObject: {fileID: 424948, guid: 0ec3a592220ce4046b4ad98b2a7554b2, type: 2}
  m_PrefabInternal: {fileID: 552313908}
  m_GameObject: {fileID: 3821887}
  m_LocalRotation: {x: 0, y: 0, z: 0, w: 1}
  m_LocalPosition: {x: -1, y: -2.220446e-16, z: -2.9072852}
  m_LocalScale: {x: 1, y: 1, z: 1}
  m_LocalEulerAnglesHint: {x: 0, y: 0, z: 0}
  m_Children: []
  m_Father: {fileID: 1660483733}
  m_RootOrder: 0
--- !u!1 &72202032
GameObject:
  m_ObjectHideFlags: 0
  m_PrefabParentObject: {fileID: 159916, guid: 0ec3a592220ce4046b4ad98b2a7554b2, type: 2}
  m_PrefabInternal: {fileID: 552313908}
  serializedVersion: 4
  m_Component:
  - 4: {fileID: 72202035}
  - 111: {fileID: 72202034}
  - 114: {fileID: 72202033}
  m_Layer: 0
  m_Name: rainbowMan_v6
  m_TagString: Untagged
  m_Icon: {fileID: 0}
  m_NavMeshLayer: 0
  m_StaticEditorFlags: 0
  m_IsActive: 1
--- !u!114 &72202033
MonoBehaviour:
  m_ObjectHideFlags: 0
  m_PrefabParentObject: {fileID: 11441686, guid: 0ec3a592220ce4046b4ad98b2a7554b2,
    type: 2}
  m_PrefabInternal: {fileID: 552313908}
  m_GameObject: {fileID: 72202032}
  m_Enabled: 1
  m_EditorHideFlags: 0
  m_Script: {fileID: 11500000, guid: 867fddf8d8f4f13439dd4facb64b9a4b, type: 3}
  m_Name: 
  m_EditorClassIdentifier: 
--- !u!111 &72202034
Animation:
  m_ObjectHideFlags: 0
  m_PrefabParentObject: {fileID: 11170934, guid: 0ec3a592220ce4046b4ad98b2a7554b2,
    type: 2}
  m_PrefabInternal: {fileID: 552313908}
  m_GameObject: {fileID: 72202032}
  m_Enabled: 1
  serializedVersion: 3
  m_Animation: {fileID: 7400000, guid: c254fcd6c1a5b62409caba4b180ee5cf, type: 3}
  m_Animations:
  - {fileID: 7400000, guid: c254fcd6c1a5b62409caba4b180ee5cf, type: 3}
  m_WrapMode: 0
  m_PlayAutomatically: 1
  m_AnimatePhysics: 0
  m_CullingType: 1
--- !u!4 &72202035
Transform:
  m_ObjectHideFlags: 0
  m_PrefabParentObject: {fileID: 437076, guid: 0ec3a592220ce4046b4ad98b2a7554b2, type: 2}
  m_PrefabInternal: {fileID: 552313908}
  m_GameObject: {fileID: 72202032}
  m_LocalRotation: {x: 0, y: 0, z: 0, w: 1}
  m_LocalPosition: {x: 0, y: -10, z: 50}
  m_LocalScale: {x: 1, y: 1, z: 1}
  m_LocalEulerAnglesHint: {x: 0, y: 0, z: 0}
  m_Children:
  - {fileID: 1149456387}
  - {fileID: 75522432}
  m_Father: {fileID: 0}
  m_RootOrder: 2
--- !u!1 &72254967
GameObject:
  m_ObjectHideFlags: 0
  m_PrefabParentObject: {fileID: 100034, guid: 996f0228d03f2114bb727b5df57dce86, type: 2}
  m_PrefabInternal: {fileID: 984322890}
  serializedVersion: 4
  m_Component:
  - 4: {fileID: 72254968}
  - 33: {fileID: 72254971}
  - 135: {fileID: 72254970}
  - 23: {fileID: 72254969}
  m_Layer: 0
  m_Name: 03_Head
  m_TagString: Untagged
  m_Icon: {fileID: 0}
  m_NavMeshLayer: 0
  m_StaticEditorFlags: 0
  m_IsActive: 1
--- !u!4 &72254968
Transform:
  m_ObjectHideFlags: 0
  m_PrefabParentObject: {fileID: 400034, guid: 996f0228d03f2114bb727b5df57dce86, type: 2}
  m_PrefabInternal: {fileID: 984322890}
  m_GameObject: {fileID: 72254967}
  m_LocalRotation: {x: 0, y: 0, z: 0, w: 1}
  m_LocalPosition: {x: 0, y: 0, z: 0}
  m_LocalScale: {x: 0.1, y: 0.1, z: 0.1}
  m_LocalEulerAnglesHint: {x: 0, y: 0, z: 0}
  m_Children: []
  m_Father: {fileID: 846258117}
  m_RootOrder: 3
--- !u!23 &72254969
MeshRenderer:
  m_ObjectHideFlags: 0
  m_PrefabParentObject: {fileID: 2300034, guid: 996f0228d03f2114bb727b5df57dce86,
    type: 2}
  m_PrefabInternal: {fileID: 984322890}
  m_GameObject: {fileID: 72254967}
  m_Enabled: 1
  m_CastShadows: 1
  m_ReceiveShadows: 1
  m_MotionVectors: 1
  m_LightProbeUsage: 0
  m_ReflectionProbeUsage: 1
  m_Materials:
  - {fileID: 10302, guid: 0000000000000000f000000000000000, type: 0}
  m_SubsetIndices: 
  m_StaticBatchRoot: {fileID: 0}
  m_ProbeAnchor: {fileID: 0}
  m_LightProbeVolumeOverride: {fileID: 0}
  m_ScaleInLightmap: 1
  m_PreserveUVs: 0
  m_IgnoreNormalsForChartDetection: 0
  m_ImportantGI: 0
  m_SelectedWireframeHidden: 0
  m_MinimumChartSize: 4
  m_AutoUVMaxDistance: 0.5
  m_AutoUVMaxAngle: 89
  m_LightmapParameters: {fileID: 0}
  m_SortingLayerID: 0
  m_SortingOrder: 0
--- !u!135 &72254970
SphereCollider:
  m_ObjectHideFlags: 0
  m_PrefabParentObject: {fileID: 13500034, guid: 996f0228d03f2114bb727b5df57dce86,
    type: 2}
  m_PrefabInternal: {fileID: 984322890}
  m_GameObject: {fileID: 72254967}
  m_Material: {fileID: 0}
  m_IsTrigger: 0
  m_Enabled: 1
  serializedVersion: 2
  m_Radius: 0.5000001
  m_Center: {x: 0.000000059604645, y: 0, z: -0.00000008940697}
--- !u!33 &72254971
MeshFilter:
  m_ObjectHideFlags: 0
  m_PrefabParentObject: {fileID: 3300034, guid: 996f0228d03f2114bb727b5df57dce86,
    type: 2}
  m_PrefabInternal: {fileID: 984322890}
  m_GameObject: {fileID: 72254967}
  m_Mesh: {fileID: 10207, guid: 0000000000000000e000000000000000, type: 0}
--- !u!1 &75522431
GameObject:
  m_ObjectHideFlags: 0
  m_PrefabParentObject: {fileID: 120800, guid: 0ec3a592220ce4046b4ad98b2a7554b2, type: 2}
  m_PrefabInternal: {fileID: 552313908}
  serializedVersion: 4
  m_Component:
  - 4: {fileID: 75522432}
  m_Layer: 0
  m_Name: skeleton
  m_TagString: Untagged
  m_Icon: {fileID: 0}
  m_NavMeshLayer: 0
  m_StaticEditorFlags: 0
  m_IsActive: 1
--- !u!4 &75522432
Transform:
  m_ObjectHideFlags: 0
  m_PrefabParentObject: {fileID: 405540, guid: 0ec3a592220ce4046b4ad98b2a7554b2, type: 2}
  m_PrefabInternal: {fileID: 552313908}
  m_GameObject: {fileID: 75522431}
  m_LocalRotation: {x: 0, y: 0, z: 0, w: 1}
  m_LocalPosition: {x: 0, y: 0, z: 0}
  m_LocalScale: {x: 1, y: 1, z: 1}
  m_LocalEulerAnglesHint: {x: 0, y: 0, z: 0}
  m_Children:
  - {fileID: 1089618644}
  m_Father: {fileID: 72202035}
  m_RootOrder: 1
--- !u!1 &87841330
GameObject:
  m_ObjectHideFlags: 0
  m_PrefabParentObject: {fileID: 187274, guid: 0ec3a592220ce4046b4ad98b2a7554b2, type: 2}
  m_PrefabInternal: {fileID: 552313908}
  serializedVersion: 4
  m_Component:
  - 4: {fileID: 87841331}
  m_Layer: 0
  m_Name: right_hand
  m_TagString: Untagged
  m_Icon: {fileID: 0}
  m_NavMeshLayer: 0
  m_StaticEditorFlags: 0
  m_IsActive: 1
--- !u!4 &87841331
Transform:
  m_ObjectHideFlags: 0
  m_PrefabParentObject: {fileID: 436734, guid: 0ec3a592220ce4046b4ad98b2a7554b2, type: 2}
  m_PrefabInternal: {fileID: 552313908}
  m_GameObject: {fileID: 87841330}
  m_LocalRotation: {x: 0, y: 0, z: 0, w: 1}
  m_LocalPosition: {x: 1.7915, y: 8.472078e-17, z: 0.0101}
  m_LocalScale: {x: 1, y: 1, z: 1}
  m_LocalEulerAnglesHint: {x: 0, y: 0, z: 0}
  m_Children:
  - {fileID: 1067153724}
  m_Father: {fileID: 1441146318}
  m_RootOrder: 0
--- !u!1 &127377731
GameObject:
  m_ObjectHideFlags: 0
  m_PrefabParentObject: {fileID: 178626, guid: 0ec3a592220ce4046b4ad98b2a7554b2, type: 2}
  m_PrefabInternal: {fileID: 552313908}
  serializedVersion: 4
  m_Component:
  - 4: {fileID: 127377732}
  m_Layer: 0
  m_Name: left_knee
  m_TagString: Untagged
  m_Icon: {fileID: 0}
  m_NavMeshLayer: 0
  m_StaticEditorFlags: 0
  m_IsActive: 1
--- !u!4 &127377732
Transform:
  m_ObjectHideFlags: 0
  m_PrefabParentObject: {fileID: 497664, guid: 0ec3a592220ce4046b4ad98b2a7554b2, type: 2}
  m_PrefabInternal: {fileID: 552313908}
  m_GameObject: {fileID: 127377731}
  m_LocalRotation: {x: 0, y: 0, z: 0, w: 1}
  m_LocalPosition: {x: -6.15249, y: -0.3358751, z: -1.0608045}
  m_LocalScale: {x: 1, y: 1, z: 1}
  m_LocalEulerAnglesHint: {x: 0, y: 0, z: 0}
  m_Children:
  - {fileID: 1660483733}
  m_Father: {fileID: 1222843694}
  m_RootOrder: 0
--- !u!1 &155010542
GameObject:
  m_ObjectHideFlags: 0
  m_PrefabParentObject: {fileID: 0}
  m_PrefabInternal: {fileID: 0}
  serializedVersion: 4
  m_Component:
  - 4: {fileID: 155010543}
  - 114: {fileID: 155010544}
  - 114: {fileID: 155010545}
  - 114: {fileID: 155010546}
  - 114: {fileID: 155010547}
  - 114: {fileID: 155010548}
  - 114: {fileID: 155010549}
  m_Layer: 0
  m_Name: KinectPrefab
  m_TagString: Untagged
  m_Icon: {fileID: 0}
  m_NavMeshLayer: 0
  m_StaticEditorFlags: 0
  m_IsActive: 1
--- !u!4 &155010543
Transform:
  m_ObjectHideFlags: 0
  m_PrefabParentObject: {fileID: 0}
  m_PrefabInternal: {fileID: 0}
  m_GameObject: {fileID: 155010542}
  m_LocalRotation: {x: 0, y: 0, z: 0, w: 1}
  m_LocalPosition: {x: 0, y: 0, z: 0}
  m_LocalScale: {x: 1, y: 1, z: 1}
  m_LocalEulerAnglesHint: {x: 0, y: 0, z: 0}
  m_Children: []
  m_Father: {fileID: 0}
  m_RootOrder: 5
--- !u!114 &155010544
MonoBehaviour:
  m_ObjectHideFlags: 0
  m_PrefabParentObject: {fileID: 0}
  m_PrefabInternal: {fileID: 0}
  m_GameObject: {fileID: 155010542}
  m_Enabled: 1
  m_EditorHideFlags: 0
  m_Script: {fileID: 11500000, guid: 3cc1f6a2b4778c24491a89120cd24d40, type: 3}
  m_Name: 
  m_EditorClassIdentifier: 
  device: {fileID: 155010545}
  emulator: {fileID: 155010546}
  useEmulator: 0
--- !u!114 &155010545
MonoBehaviour:
  m_ObjectHideFlags: 0
  m_PrefabParentObject: {fileID: 0}
  m_PrefabInternal: {fileID: 0}
  m_GameObject: {fileID: 155010542}
  m_Enabled: 0
  m_EditorHideFlags: 0
  m_Script: {fileID: 11500000, guid: 1ca6d895ba931924f90d614ff752ab42, type: 3}
  m_Name: 
  m_EditorClassIdentifier: 
  sensorHeight: 1
  kinectCenter: {x: 0, y: 0, z: 2}
  lookAt: {x: 0, y: 1, z: 0, w: 0}
  smoothing: 0.5
  correction: 0.5
  prediction: 0.5
  jitterRadius: 0.05
  maxDeviationRadius: 0.04
  enableNearMode: 0
  skeltonTrackingMode: 1
--- !u!114 &155010546
MonoBehaviour:
  m_ObjectHideFlags: 0
  m_PrefabParentObject: {fileID: 0}
  m_PrefabInternal: {fileID: 0}
  m_GameObject: {fileID: 155010542}
  m_Enabled: 0
  m_EditorHideFlags: 0
  m_Script: {fileID: 11500000, guid: c1531006e9360c84f81708b2b6106d68, type: 3}
  m_Name: 
  m_EditorClassIdentifier: 
  inputFile: 4173736574732f5265636f7264696e67732f706c61796261636b30
  sensorHeight: 1
  kinectCenter: {x: 0, y: 0, z: 2}
  lookAt: {x: 0, y: 1, z: 0, w: 0}
--- !u!114 &155010547
MonoBehaviour:
  m_ObjectHideFlags: 0
  m_PrefabParentObject: {fileID: 0}
  m_PrefabInternal: {fileID: 0}
  m_GameObject: {fileID: 155010542}
  m_Enabled: 1
  m_EditorHideFlags: 0
  m_Script: {fileID: 11500000, guid: cbb8933f8f23b6a45b8c612cc9bbcda4, type: 3}
  m_Name: 
  m_EditorClassIdentifier: 
  devOrEmu: {fileID: 155010544}
  players: 
  trackedPlayers: 
  flipMatrix:
    e00: 1
    e01: 0
    e02: 0
    e03: 0
    e10: 0
    e11: 1
    e12: 0
    e13: 0
    e20: 0
    e21: 0
    e22: -1
    e23: 0
    e30: 0
    e31: 0
    e32: 0
    e33: 1
--- !u!114 &155010548
MonoBehaviour:
  m_ObjectHideFlags: 0
  m_PrefabParentObject: {fileID: 0}
  m_PrefabInternal: {fileID: 0}
  m_GameObject: {fileID: 155010542}
  m_Enabled: 1
  m_EditorHideFlags: 0
  m_Script: {fileID: 11500000, guid: cd63756e6dc1ecc41b9b1155dd1692f6, type: 3}
  m_Name: 
  m_EditorClassIdentifier: 
  devOrEmu: {fileID: 155010544}
  storedFrames: 1
  depthImg: []
  players: []
--- !u!114 &155010549
MonoBehaviour:
  m_ObjectHideFlags: 0
  m_PrefabParentObject: {fileID: 0}
  m_PrefabInternal: {fileID: 0}
  m_GameObject: {fileID: 155010542}
  m_Enabled: 1
  m_EditorHideFlags: 0
  m_Script: {fileID: 11500000, guid: e8c044f5d461fc84cbadaa2a1f418cec, type: 3}
  m_Name: 
  m_EditorClassIdentifier: 
  devOrEmu: {fileID: 155010544}
  outputFile: 4173736574732f5265636f7264696e67732f706c61796261636b
--- !u!1 &173797795
GameObject:
  m_ObjectHideFlags: 0
  m_PrefabParentObject: {fileID: 196346, guid: 0ec3a592220ce4046b4ad98b2a7554b2, type: 2}
  m_PrefabInternal: {fileID: 552313908}
  serializedVersion: 4
  m_Component:
  - 4: {fileID: 173797796}
  m_Layer: 0
  m_Name: left_hand
  m_TagString: Untagged
  m_Icon: {fileID: 0}
  m_NavMeshLayer: 0
  m_StaticEditorFlags: 0
  m_IsActive: 1
--- !u!4 &173797796
Transform:
  m_ObjectHideFlags: 0
  m_PrefabParentObject: {fileID: 454664, guid: 0ec3a592220ce4046b4ad98b2a7554b2, type: 2}
  m_PrefabInternal: {fileID: 552313908}
  m_GameObject: {fileID: 173797795}
  m_LocalRotation: {x: 0, y: 0, z: 0, w: 1}
  m_LocalPosition: {x: -1.7914784, y: -8.4730545e-17, z: -0.010122497}
  m_LocalScale: {x: 1, y: 1, z: 1}
  m_LocalEulerAnglesHint: {x: 0, y: 0, z: 0}
  m_Children:
  - {fileID: 1806527829}
  m_Father: {fileID: 1810961361}
  m_RootOrder: 0
--- !u!1 &194195872
GameObject:
  m_ObjectHideFlags: 0
  m_PrefabParentObject: {fileID: 100010, guid: 996f0228d03f2114bb727b5df57dce86, type: 2}
  m_PrefabInternal: {fileID: 984322890}
  serializedVersion: 4
  m_Component:
  - 4: {fileID: 194195873}
  - 33: {fileID: 194195876}
  - 135: {fileID: 194195875}
  - 23: {fileID: 194195874}
  m_Layer: 0
  m_Name: 32_Ankle_Left
  m_TagString: Untagged
  m_Icon: {fileID: 0}
  m_NavMeshLayer: 0
  m_StaticEditorFlags: 0
  m_IsActive: 1
--- !u!4 &194195873
Transform:
  m_ObjectHideFlags: 0
  m_PrefabParentObject: {fileID: 400010, guid: 996f0228d03f2114bb727b5df57dce86, type: 2}
  m_PrefabInternal: {fileID: 984322890}
  m_GameObject: {fileID: 194195872}
  m_LocalRotation: {x: 0, y: 0, z: 0, w: 1}
  m_LocalPosition: {x: 0, y: 0, z: 0}
  m_LocalScale: {x: 0.1, y: 0.1, z: 0.1}
  m_LocalEulerAnglesHint: {x: 0, y: 0, z: 0}
  m_Children: []
  m_Father: {fileID: 846258117}
  m_RootOrder: 16
--- !u!23 &194195874
MeshRenderer:
  m_ObjectHideFlags: 0
  m_PrefabParentObject: {fileID: 2300010, guid: 996f0228d03f2114bb727b5df57dce86,
    type: 2}
  m_PrefabInternal: {fileID: 984322890}
  m_GameObject: {fileID: 194195872}
  m_Enabled: 1
  m_CastShadows: 1
  m_ReceiveShadows: 1
  m_MotionVectors: 1
  m_LightProbeUsage: 0
  m_ReflectionProbeUsage: 1
  m_Materials:
  - {fileID: 10302, guid: 0000000000000000f000000000000000, type: 0}
  m_SubsetIndices: 
  m_StaticBatchRoot: {fileID: 0}
  m_ProbeAnchor: {fileID: 0}
  m_LightProbeVolumeOverride: {fileID: 0}
  m_ScaleInLightmap: 1
  m_PreserveUVs: 0
  m_IgnoreNormalsForChartDetection: 0
  m_ImportantGI: 0
  m_SelectedWireframeHidden: 0
  m_MinimumChartSize: 4
  m_AutoUVMaxDistance: 0.5
  m_AutoUVMaxAngle: 89
  m_LightmapParameters: {fileID: 0}
  m_SortingLayerID: 0
  m_SortingOrder: 0
--- !u!135 &194195875
SphereCollider:
  m_ObjectHideFlags: 0
  m_PrefabParentObject: {fileID: 13500010, guid: 996f0228d03f2114bb727b5df57dce86,
    type: 2}
  m_PrefabInternal: {fileID: 984322890}
  m_GameObject: {fileID: 194195872}
  m_Material: {fileID: 0}
  m_IsTrigger: 0
  m_Enabled: 1
  serializedVersion: 2
  m_Radius: 0.5000001
  m_Center: {x: 0.000000059604645, y: 0, z: -0.00000008940697}
--- !u!33 &194195876
MeshFilter:
  m_ObjectHideFlags: 0
  m_PrefabParentObject: {fileID: 3300010, guid: 996f0228d03f2114bb727b5df57dce86,
    type: 2}
  m_PrefabInternal: {fileID: 984322890}
  m_GameObject: {fileID: 194195872}
  m_Mesh: {fileID: 10207, guid: 0000000000000000e000000000000000, type: 0}
--- !u!1 &302432591
GameObject:
  m_ObjectHideFlags: 0
  m_PrefabParentObject: {fileID: 100018, guid: 996f0228d03f2114bb727b5df57dce86, type: 2}
  m_PrefabInternal: {fileID: 984322890}
  serializedVersion: 4
  m_Component:
  - 4: {fileID: 302432592}
  - 33: {fileID: 302432595}
  - 135: {fileID: 302432594}
  - 23: {fileID: 302432593}
  m_Layer: 0
  m_Name: 22_Wrist_Right
  m_TagString: Untagged
  m_Icon: {fileID: 0}
  m_NavMeshLayer: 0
  m_StaticEditorFlags: 0
  m_IsActive: 1
--- !u!4 &302432592
Transform:
  m_ObjectHideFlags: 0
  m_PrefabParentObject: {fileID: 400018, guid: 996f0228d03f2114bb727b5df57dce86, type: 2}
  m_PrefabInternal: {fileID: 984322890}
  m_GameObject: {fileID: 302432591}
  m_LocalRotation: {x: 0, y: 0, z: 0, w: 1}
  m_LocalPosition: {x: 0, y: 0, z: 0}
  m_LocalScale: {x: 0.1, y: 0.1, z: 0.1}
  m_LocalEulerAnglesHint: {x: 0, y: 0, z: 0}
  m_Children: []
  m_Father: {fileID: 846258117}
  m_RootOrder: 8
--- !u!23 &302432593
MeshRenderer:
  m_ObjectHideFlags: 0
  m_PrefabParentObject: {fileID: 2300018, guid: 996f0228d03f2114bb727b5df57dce86,
    type: 2}
  m_PrefabInternal: {fileID: 984322890}
  m_GameObject: {fileID: 302432591}
  m_Enabled: 1
  m_CastShadows: 1
  m_ReceiveShadows: 1
  m_MotionVectors: 1
  m_LightProbeUsage: 0
  m_ReflectionProbeUsage: 1
  m_Materials:
  - {fileID: 10302, guid: 0000000000000000f000000000000000, type: 0}
  m_SubsetIndices: 
  m_StaticBatchRoot: {fileID: 0}
  m_ProbeAnchor: {fileID: 0}
  m_LightProbeVolumeOverride: {fileID: 0}
  m_ScaleInLightmap: 1
  m_PreserveUVs: 0
  m_IgnoreNormalsForChartDetection: 0
  m_ImportantGI: 0
  m_SelectedWireframeHidden: 0
  m_MinimumChartSize: 4
  m_AutoUVMaxDistance: 0.5
  m_AutoUVMaxAngle: 89
  m_LightmapParameters: {fileID: 0}
  m_SortingLayerID: 0
  m_SortingOrder: 0
--- !u!135 &302432594
SphereCollider:
  m_ObjectHideFlags: 0
  m_PrefabParentObject: {fileID: 13500018, guid: 996f0228d03f2114bb727b5df57dce86,
    type: 2}
  m_PrefabInternal: {fileID: 984322890}
  m_GameObject: {fileID: 302432591}
  m_Material: {fileID: 0}
  m_IsTrigger: 0
  m_Enabled: 1
  serializedVersion: 2
  m_Radius: 0.5000001
  m_Center: {x: 0.000000059604645, y: 0, z: -0.00000008940697}
--- !u!33 &302432595
MeshFilter:
  m_ObjectHideFlags: 0
  m_PrefabParentObject: {fileID: 3300018, guid: 996f0228d03f2114bb727b5df57dce86,
    type: 2}
  m_PrefabInternal: {fileID: 984322890}
  m_GameObject: {fileID: 302432591}
  m_Mesh: {fileID: 10207, guid: 0000000000000000e000000000000000, type: 0}
--- !u!1 &345069914
GameObject:
  m_ObjectHideFlags: 0
  m_PrefabParentObject: {fileID: 100006, guid: 996f0228d03f2114bb727b5df57dce86, type: 2}
  m_PrefabInternal: {fileID: 984322890}
  serializedVersion: 4
  m_Component:
  - 4: {fileID: 345069915}
  - 33: {fileID: 345069918}
  - 135: {fileID: 345069917}
  - 23: {fileID: 345069916}
  m_Layer: 0
  m_Name: 43_Foot_Right
  m_TagString: Untagged
  m_Icon: {fileID: 0}
  m_NavMeshLayer: 0
  m_StaticEditorFlags: 0
  m_IsActive: 1
--- !u!4 &345069915
Transform:
  m_ObjectHideFlags: 0
  m_PrefabParentObject: {fileID: 400006, guid: 996f0228d03f2114bb727b5df57dce86, type: 2}
  m_PrefabInternal: {fileID: 984322890}
  m_GameObject: {fileID: 345069914}
  m_LocalRotation: {x: 0, y: 0, z: 0, w: 1}
  m_LocalPosition: {x: 0, y: 0, z: 0}
  m_LocalScale: {x: 0.1, y: 0.1, z: 0.1}
  m_LocalEulerAnglesHint: {x: 0, y: 0, z: 0}
  m_Children: []
  m_Father: {fileID: 846258117}
  m_RootOrder: 19
--- !u!23 &345069916
MeshRenderer:
  m_ObjectHideFlags: 0
  m_PrefabParentObject: {fileID: 2300006, guid: 996f0228d03f2114bb727b5df57dce86,
    type: 2}
  m_PrefabInternal: {fileID: 984322890}
  m_GameObject: {fileID: 345069914}
  m_Enabled: 1
  m_CastShadows: 1
  m_ReceiveShadows: 1
  m_MotionVectors: 1
  m_LightProbeUsage: 0
  m_ReflectionProbeUsage: 1
  m_Materials:
  - {fileID: 10302, guid: 0000000000000000f000000000000000, type: 0}
  m_SubsetIndices: 
  m_StaticBatchRoot: {fileID: 0}
  m_ProbeAnchor: {fileID: 0}
  m_LightProbeVolumeOverride: {fileID: 0}
  m_ScaleInLightmap: 1
  m_PreserveUVs: 0
  m_IgnoreNormalsForChartDetection: 0
  m_ImportantGI: 0
  m_SelectedWireframeHidden: 0
  m_MinimumChartSize: 4
  m_AutoUVMaxDistance: 0.5
  m_AutoUVMaxAngle: 89
  m_LightmapParameters: {fileID: 0}
  m_SortingLayerID: 0
  m_SortingOrder: 0
--- !u!135 &345069917
SphereCollider:
  m_ObjectHideFlags: 0
  m_PrefabParentObject: {fileID: 13500006, guid: 996f0228d03f2114bb727b5df57dce86,
    type: 2}
  m_PrefabInternal: {fileID: 984322890}
  m_GameObject: {fileID: 345069914}
  m_Material: {fileID: 0}
  m_IsTrigger: 0
  m_Enabled: 1
  serializedVersion: 2
  m_Radius: 0.5000001
  m_Center: {x: 0.000000059604645, y: 0, z: -0.00000008940697}
--- !u!33 &345069918
MeshFilter:
  m_ObjectHideFlags: 0
  m_PrefabParentObject: {fileID: 3300006, guid: 996f0228d03f2114bb727b5df57dce86,
    type: 2}
  m_PrefabInternal: {fileID: 984322890}
  m_GameObject: {fileID: 345069914}
  m_Mesh: {fileID: 10207, guid: 0000000000000000e000000000000000, type: 0}
--- !u!1 &358015489
GameObject:
  m_ObjectHideFlags: 0
  m_PrefabParentObject: {fileID: 100002, guid: 996f0228d03f2114bb727b5df57dce86, type: 2}
  m_PrefabInternal: {fileID: 984322890}
  serializedVersion: 4
  m_Component:
  - 4: {fileID: 358015490}
  - 33: {fileID: 358015493}
  - 135: {fileID: 358015492}
  - 23: {fileID: 358015491}
  m_Layer: 0
  m_Name: 41_Knee_Right
  m_TagString: Untagged
  m_Icon: {fileID: 0}
  m_NavMeshLayer: 0
  m_StaticEditorFlags: 0
  m_IsActive: 1
--- !u!4 &358015490
Transform:
  m_ObjectHideFlags: 0
  m_PrefabParentObject: {fileID: 400002, guid: 996f0228d03f2114bb727b5df57dce86, type: 2}
  m_PrefabInternal: {fileID: 984322890}
  m_GameObject: {fileID: 358015489}
  m_LocalRotation: {x: 0, y: 0, z: 0, w: 1}
  m_LocalPosition: {x: 0, y: 0, z: 0}
  m_LocalScale: {x: 0.1, y: 0.1, z: 0.1}
  m_LocalEulerAnglesHint: {x: 0, y: 0, z: 0}
  m_Children: []
  m_Father: {fileID: 846258117}
  m_RootOrder: 15
--- !u!23 &358015491
MeshRenderer:
  m_ObjectHideFlags: 0
  m_PrefabParentObject: {fileID: 2300002, guid: 996f0228d03f2114bb727b5df57dce86,
    type: 2}
  m_PrefabInternal: {fileID: 984322890}
  m_GameObject: {fileID: 358015489}
  m_Enabled: 1
  m_CastShadows: 1
  m_ReceiveShadows: 1
  m_MotionVectors: 1
  m_LightProbeUsage: 0
  m_ReflectionProbeUsage: 1
  m_Materials:
  - {fileID: 10302, guid: 0000000000000000f000000000000000, type: 0}
  m_SubsetIndices: 
  m_StaticBatchRoot: {fileID: 0}
  m_ProbeAnchor: {fileID: 0}
  m_LightProbeVolumeOverride: {fileID: 0}
  m_ScaleInLightmap: 1
  m_PreserveUVs: 0
  m_IgnoreNormalsForChartDetection: 0
  m_ImportantGI: 0
  m_SelectedWireframeHidden: 0
  m_MinimumChartSize: 4
  m_AutoUVMaxDistance: 0.5
  m_AutoUVMaxAngle: 89
  m_LightmapParameters: {fileID: 0}
  m_SortingLayerID: 0
  m_SortingOrder: 0
--- !u!135 &358015492
SphereCollider:
  m_ObjectHideFlags: 0
  m_PrefabParentObject: {fileID: 13500002, guid: 996f0228d03f2114bb727b5df57dce86,
    type: 2}
  m_PrefabInternal: {fileID: 984322890}
  m_GameObject: {fileID: 358015489}
  m_Material: {fileID: 0}
  m_IsTrigger: 0
  m_Enabled: 1
  serializedVersion: 2
  m_Radius: 0.5000001
  m_Center: {x: 0.000000059604645, y: 0, z: -0.00000008940697}
--- !u!33 &358015493
MeshFilter:
  m_ObjectHideFlags: 0
  m_PrefabParentObject: {fileID: 3300002, guid: 996f0228d03f2114bb727b5df57dce86,
    type: 2}
  m_PrefabInternal: {fileID: 984322890}
  m_GameObject: {fileID: 358015489}
  m_Mesh: {fileID: 10207, guid: 0000000000000000e000000000000000, type: 0}
--- !u!1 &360107980
GameObject:
  m_ObjectHideFlags: 0
  m_PrefabParentObject: {fileID: 100036, guid: 996f0228d03f2114bb727b5df57dce86, type: 2}
  m_PrefabInternal: {fileID: 984322890}
  serializedVersion: 4
  m_Component:
  - 4: {fileID: 360107981}
  - 33: {fileID: 360107984}
  - 135: {fileID: 360107983}
  - 23: {fileID: 360107982}
  m_Layer: 0
  m_Name: 01_Spine
  m_TagString: Untagged
  m_Icon: {fileID: 0}
  m_NavMeshLayer: 0
  m_StaticEditorFlags: 0
  m_IsActive: 1
--- !u!4 &360107981
Transform:
  m_ObjectHideFlags: 0
  m_PrefabParentObject: {fileID: 400036, guid: 996f0228d03f2114bb727b5df57dce86, type: 2}
  m_PrefabInternal: {fileID: 984322890}
  m_GameObject: {fileID: 360107980}
  m_LocalRotation: {x: 0, y: 0, z: 0, w: 1}
  m_LocalPosition: {x: 0, y: 0, z: 0}
  m_LocalScale: {x: 0.1, y: 0.1, z: 0.1}
  m_LocalEulerAnglesHint: {x: 0, y: 0, z: 0}
  m_Children: []
  m_Father: {fileID: 846258117}
  m_RootOrder: 2
--- !u!23 &360107982
MeshRenderer:
  m_ObjectHideFlags: 0
  m_PrefabParentObject: {fileID: 2300036, guid: 996f0228d03f2114bb727b5df57dce86,
    type: 2}
  m_PrefabInternal: {fileID: 984322890}
  m_GameObject: {fileID: 360107980}
  m_Enabled: 1
  m_CastShadows: 1
  m_ReceiveShadows: 1
  m_MotionVectors: 1
  m_LightProbeUsage: 0
  m_ReflectionProbeUsage: 1
  m_Materials:
  - {fileID: 10302, guid: 0000000000000000f000000000000000, type: 0}
  m_SubsetIndices: 
  m_StaticBatchRoot: {fileID: 0}
  m_ProbeAnchor: {fileID: 0}
  m_LightProbeVolumeOverride: {fileID: 0}
  m_ScaleInLightmap: 1
  m_PreserveUVs: 0
  m_IgnoreNormalsForChartDetection: 0
  m_ImportantGI: 0
  m_SelectedWireframeHidden: 0
  m_MinimumChartSize: 4
  m_AutoUVMaxDistance: 0.5
  m_AutoUVMaxAngle: 89
  m_LightmapParameters: {fileID: 0}
  m_SortingLayerID: 0
  m_SortingOrder: 0
--- !u!135 &360107983
SphereCollider:
  m_ObjectHideFlags: 0
  m_PrefabParentObject: {fileID: 13500036, guid: 996f0228d03f2114bb727b5df57dce86,
    type: 2}
  m_PrefabInternal: {fileID: 984322890}
  m_GameObject: {fileID: 360107980}
  m_Material: {fileID: 0}
  m_IsTrigger: 0
  m_Enabled: 1
  serializedVersion: 2
  m_Radius: 0.5000001
  m_Center: {x: 0.000000059604645, y: 0, z: -0.00000008940697}
--- !u!33 &360107984
MeshFilter:
  m_ObjectHideFlags: 0
  m_PrefabParentObject: {fileID: 3300036, guid: 996f0228d03f2114bb727b5df57dce86,
    type: 2}
  m_PrefabInternal: {fileID: 984322890}
  m_GameObject: {fileID: 360107980}
  m_Mesh: {fileID: 10207, guid: 0000000000000000e000000000000000, type: 0}
--- !u!1 &387648657
GameObject:
  m_ObjectHideFlags: 0
  m_PrefabParentObject: {fileID: 100022, guid: 996f0228d03f2114bb727b5df57dce86, type: 2}
  m_PrefabInternal: {fileID: 984322890}
  serializedVersion: 4
  m_Component:
  - 4: {fileID: 387648658}
  - 33: {fileID: 387648661}
  - 135: {fileID: 387648660}
  - 23: {fileID: 387648659}
  m_Layer: 0
  m_Name: 20_Shoulder_Right
  m_TagString: Untagged
  m_Icon: {fileID: 0}
  m_NavMeshLayer: 0
  m_StaticEditorFlags: 0
  m_IsActive: 1
--- !u!4 &387648658
Transform:
  m_ObjectHideFlags: 0
  m_PrefabParentObject: {fileID: 400022, guid: 996f0228d03f2114bb727b5df57dce86, type: 2}
  m_PrefabInternal: {fileID: 984322890}
  m_GameObject: {fileID: 387648657}
  m_LocalRotation: {x: 0, y: 0, z: 0, w: 1}
  m_LocalPosition: {x: 0, y: 0, z: 0}
  m_LocalScale: {x: 0.1, y: 0.1, z: 0.1}
  m_LocalEulerAnglesHint: {x: 0, y: 0, z: 0}
  m_Children: []
  m_Father: {fileID: 846258117}
  m_RootOrder: 11
--- !u!23 &387648659
MeshRenderer:
  m_ObjectHideFlags: 0
  m_PrefabParentObject: {fileID: 2300022, guid: 996f0228d03f2114bb727b5df57dce86,
    type: 2}
  m_PrefabInternal: {fileID: 984322890}
  m_GameObject: {fileID: 387648657}
  m_Enabled: 1
  m_CastShadows: 1
  m_ReceiveShadows: 1
  m_MotionVectors: 1
  m_LightProbeUsage: 0
  m_ReflectionProbeUsage: 1
  m_Materials:
  - {fileID: 10302, guid: 0000000000000000f000000000000000, type: 0}
  m_SubsetIndices: 
  m_StaticBatchRoot: {fileID: 0}
  m_ProbeAnchor: {fileID: 0}
  m_LightProbeVolumeOverride: {fileID: 0}
  m_ScaleInLightmap: 1
  m_PreserveUVs: 0
  m_IgnoreNormalsForChartDetection: 0
  m_ImportantGI: 0
  m_SelectedWireframeHidden: 0
  m_MinimumChartSize: 4
  m_AutoUVMaxDistance: 0.5
  m_AutoUVMaxAngle: 89
  m_LightmapParameters: {fileID: 0}
  m_SortingLayerID: 0
  m_SortingOrder: 0
--- !u!135 &387648660
SphereCollider:
  m_ObjectHideFlags: 0
  m_PrefabParentObject: {fileID: 13500022, guid: 996f0228d03f2114bb727b5df57dce86,
    type: 2}
  m_PrefabInternal: {fileID: 984322890}
  m_GameObject: {fileID: 387648657}
  m_Material: {fileID: 0}
  m_IsTrigger: 0
  m_Enabled: 1
  serializedVersion: 2
  m_Radius: 0.5000001
  m_Center: {x: 0.000000059604645, y: 0, z: -0.00000008940697}
--- !u!33 &387648661
MeshFilter:
  m_ObjectHideFlags: 0
  m_PrefabParentObject: {fileID: 3300022, guid: 996f0228d03f2114bb727b5df57dce86,
    type: 2}
  m_PrefabInternal: {fileID: 984322890}
  m_GameObject: {fileID: 387648657}
  m_Mesh: {fileID: 10207, guid: 0000000000000000e000000000000000, type: 0}
--- !u!1 &444735143
GameObject:
  m_ObjectHideFlags: 0
  m_PrefabParentObject: {fileID: 187072, guid: 0ec3a592220ce4046b4ad98b2a7554b2, type: 2}
  m_PrefabInternal: {fileID: 552313908}
  serializedVersion: 4
  m_Component:
  - 4: {fileID: 444735144}
  m_Layer: 0
  m_Name: left_hip
  m_TagString: Untagged
  m_Icon: {fileID: 0}
  m_NavMeshLayer: 0
  m_StaticEditorFlags: 0
  m_IsActive: 1
--- !u!4 &444735144
Transform:
  m_ObjectHideFlags: 0
  m_PrefabParentObject: {fileID: 407008, guid: 0ec3a592220ce4046b4ad98b2a7554b2, type: 2}
  m_PrefabInternal: {fileID: 552313908}
  m_GameObject: {fileID: 444735143}
  m_LocalRotation: {x: 0, y: 2.0816682e-17, z: -0, w: 1}
  m_LocalPosition: {x: -0, y: 7.888609e-31, z: 0}
  m_LocalScale: {x: 1, y: 1, z: 1}
  m_LocalEulerAnglesHint: {x: 0, y: 0, z: 0}
  m_Children:
  - {fileID: 1222843694}
  m_Father: {fileID: 1089618644}
  m_RootOrder: 1
--- !u!1 &463205823
GameObject:
  m_ObjectHideFlags: 0
  m_PrefabParentObject: {fileID: 196122, guid: 0ec3a592220ce4046b4ad98b2a7554b2, type: 2}
  m_PrefabInternal: {fileID: 552313908}
  serializedVersion: 4
  m_Component:
  - 4: {fileID: 463205824}
  m_Layer: 0
  m_Name: left_collar
  m_TagString: Untagged
  m_Icon: {fileID: 0}
  m_NavMeshLayer: 0
  m_StaticEditorFlags: 0
  m_IsActive: 1
--- !u!4 &463205824
Transform:
  m_ObjectHideFlags: 0
  m_PrefabParentObject: {fileID: 454112, guid: 0ec3a592220ce4046b4ad98b2a7554b2, type: 2}
  m_PrefabInternal: {fileID: 552313908}
  m_GameObject: {fileID: 463205823}
  m_LocalRotation: {x: -0.5, y: -0.5, z: 0.5, w: 0.5}
  m_LocalPosition: {x: -4.074039, y: -0.70906055, z: -0.0011018036}
  m_LocalScale: {x: 1, y: 1, z: 1}
  m_LocalEulerAnglesHint: {x: 0, y: 0, z: 0}
  m_Children:
  - {fileID: 1310249783}
  m_Father: {fileID: 2023168656}
  m_RootOrder: 0
--- !u!1001 &552313908
Prefab:
  m_ObjectHideFlags: 0
  serializedVersion: 2
  m_Modification:
    m_TransformParent: {fileID: 0}
    m_Modifications:
    - target: {fileID: 437076, guid: 0ec3a592220ce4046b4ad98b2a7554b2, type: 2}
      propertyPath: m_LocalPosition.x
      value: 0
      objectReference: {fileID: 0}
    - target: {fileID: 437076, guid: 0ec3a592220ce4046b4ad98b2a7554b2, type: 2}
      propertyPath: m_LocalPosition.y
      value: -10
      objectReference: {fileID: 0}
    - target: {fileID: 437076, guid: 0ec3a592220ce4046b4ad98b2a7554b2, type: 2}
      propertyPath: m_LocalPosition.z
      value: 50
      objectReference: {fileID: 0}
    - target: {fileID: 437076, guid: 0ec3a592220ce4046b4ad98b2a7554b2, type: 2}
      propertyPath: m_LocalRotation.x
      value: 0
      objectReference: {fileID: 0}
    - target: {fileID: 437076, guid: 0ec3a592220ce4046b4ad98b2a7554b2, type: 2}
      propertyPath: m_LocalRotation.y
      value: 0
      objectReference: {fileID: 0}
    - target: {fileID: 437076, guid: 0ec3a592220ce4046b4ad98b2a7554b2, type: 2}
      propertyPath: m_LocalRotation.z
      value: 0
      objectReference: {fileID: 0}
    - target: {fileID: 437076, guid: 0ec3a592220ce4046b4ad98b2a7554b2, type: 2}
      propertyPath: m_LocalRotation.w
      value: 1
      objectReference: {fileID: 0}
    - target: {fileID: 437076, guid: 0ec3a592220ce4046b4ad98b2a7554b2, type: 2}
      propertyPath: m_RootOrder
      value: 2
      objectReference: {fileID: 0}
    - target: {fileID: 11441686, guid: 0ec3a592220ce4046b4ad98b2a7554b2, type: 2}
      propertyPath: sw
      value: 
      objectReference: {fileID: 155010547}
    m_RemovedComponents: []
  m_ParentPrefab: {fileID: 100100000, guid: 0ec3a592220ce4046b4ad98b2a7554b2, type: 2}
  m_RootGameObject: {fileID: 72202032}
  m_IsPrefabParent: 0
--- !u!1 &558688656
GameObject:
  m_ObjectHideFlags: 0
  m_PrefabParentObject: {fileID: 0}
  m_PrefabInternal: {fileID: 0}
  serializedVersion: 4
  m_Component:
  - 4: {fileID: 558688660}
  - 33: {fileID: 558688659}
  - 64: {fileID: 558688658}
  - 23: {fileID: 558688657}
  - 114: {fileID: 558688661}
  m_Layer: 0
  m_Name: ColorImagePlane
  m_TagString: Untagged
  m_Icon: {fileID: 0}
  m_NavMeshLayer: 0
  m_StaticEditorFlags: 0
  m_IsActive: 1
--- !u!23 &558688657
MeshRenderer:
  m_ObjectHideFlags: 0
  m_PrefabParentObject: {fileID: 0}
  m_PrefabInternal: {fileID: 0}
  m_GameObject: {fileID: 558688656}
  m_Enabled: 1
  m_CastShadows: 1
  m_ReceiveShadows: 1
  m_MotionVectors: 1
  m_LightProbeUsage: 0
  m_ReflectionProbeUsage: 1
  m_Materials:
  - {fileID: 10302, guid: 0000000000000000f000000000000000, type: 0}
  m_SubsetIndices: 
  m_StaticBatchRoot: {fileID: 0}
  m_ProbeAnchor: {fileID: 0}
  m_LightProbeVolumeOverride: {fileID: 0}
  m_ScaleInLightmap: 1
  m_PreserveUVs: 0
  m_IgnoreNormalsForChartDetection: 0
  m_ImportantGI: 0
  m_SelectedWireframeHidden: 0
  m_MinimumChartSize: 4
  m_AutoUVMaxDistance: 0.5
  m_AutoUVMaxAngle: 89
  m_LightmapParameters: {fileID: 0}
  m_SortingLayerID: 0
  m_SortingOrder: 0
--- !u!64 &558688658
MeshCollider:
  m_ObjectHideFlags: 0
  m_PrefabParentObject: {fileID: 0}
  m_PrefabInternal: {fileID: 0}
  m_GameObject: {fileID: 558688656}
  m_Material: {fileID: 0}
  m_IsTrigger: 0
  m_Enabled: 1
  serializedVersion: 2
  m_Convex: 0
  m_Mesh: {fileID: 10209, guid: 0000000000000000e000000000000000, type: 0}
--- !u!33 &558688659
MeshFilter:
  m_ObjectHideFlags: 0
  m_PrefabParentObject: {fileID: 0}
  m_PrefabInternal: {fileID: 0}
  m_GameObject: {fileID: 558688656}
  m_Mesh: {fileID: 10209, guid: 0000000000000000e000000000000000, type: 0}
--- !u!4 &558688660
Transform:
  m_ObjectHideFlags: 0
  m_PrefabParentObject: {fileID: 0}
  m_PrefabInternal: {fileID: 0}
  m_GameObject: {fileID: 558688656}
  m_LocalRotation: {x: -0.7071068, y: 0, z: 0, w: 0.7071068}
  m_LocalPosition: {x: 20, y: -5.124714, z: 30}
  m_LocalScale: {x: 1.3845272, y: 1, z: 1}
  m_LocalEulerAnglesHint: {x: 0, y: 0, z: 0}
  m_Children: []
  m_Father: {fileID: 0}
  m_RootOrder: 4
--- !u!114 &558688661
MonoBehaviour:
  m_ObjectHideFlags: 0
  m_PrefabParentObject: {fileID: 0}
  m_PrefabInternal: {fileID: 0}
  m_GameObject: {fileID: 558688656}
  m_Enabled: 1
  m_EditorHideFlags: 0
  m_Script: {fileID: 11500000, guid: 72e6a42e231ce934c9ed92eb08704b00, type: 3}
  m_Name: 
  m_EditorClassIdentifier: 
  devOrEmu: {fileID: 155010544}
--- !u!1 &669389018
GameObject:
  m_ObjectHideFlags: 0
  m_PrefabParentObject: {fileID: 157964, guid: 0ec3a592220ce4046b4ad98b2a7554b2, type: 2}
  m_PrefabInternal: {fileID: 552313908}
  serializedVersion: 4
  m_Component:
  - 4: {fileID: 669389019}
  m_Layer: 0
  m_Name: right_foot
  m_TagString: Untagged
  m_Icon: {fileID: 0}
  m_NavMeshLayer: 0
  m_StaticEditorFlags: 0
  m_IsActive: 1
--- !u!4 &669389019
Transform:
  m_ObjectHideFlags: 0
  m_PrefabParentObject: {fileID: 469394, guid: 0ec3a592220ce4046b4ad98b2a7554b2, type: 2}
  m_PrefabInternal: {fileID: 552313908}
  m_GameObject: {fileID: 669389018}
  m_LocalRotation: {x: 0, y: 0, z: 0, w: 1}
  m_LocalPosition: {x: 0.999998, y: -4.440892e-16, z: 2.90729}
  m_LocalScale: {x: 1, y: 1, z: 1}
  m_LocalEulerAnglesHint: {x: 0, y: 0, z: 0}
  m_Children: []
  m_Father: {fileID: 1020116129}
  m_RootOrder: 0
--- !u!1 &670277050
GameObject:
  m_ObjectHideFlags: 0
  m_PrefabParentObject: {fileID: 100000, guid: 996f0228d03f2114bb727b5df57dce86, type: 2}
  m_PrefabInternal: {fileID: 984322890}
  serializedVersion: 4
  m_Component:
  - 4: {fileID: 670277051}
  - 33: {fileID: 670277054}
  - 135: {fileID: 670277053}
  - 23: {fileID: 670277052}
  m_Layer: 0
  m_Name: 40_Hip_Right
  m_TagString: Untagged
  m_Icon: {fileID: 0}
  m_NavMeshLayer: 0
  m_StaticEditorFlags: 0
  m_IsActive: 1
--- !u!4 &670277051
Transform:
  m_ObjectHideFlags: 0
  m_PrefabParentObject: {fileID: 400000, guid: 996f0228d03f2114bb727b5df57dce86, type: 2}
  m_PrefabInternal: {fileID: 984322890}
  m_GameObject: {fileID: 670277050}
  m_LocalRotation: {x: 0, y: 0, z: 0, w: 1}
  m_LocalPosition: {x: 0, y: 0, z: 0}
  m_LocalScale: {x: 0.1, y: 0.1, z: 0.1}
  m_LocalEulerAnglesHint: {x: 0, y: 0, z: 0}
  m_Children: []
  m_Father: {fileID: 846258117}
  m_RootOrder: 13
--- !u!23 &670277052
MeshRenderer:
  m_ObjectHideFlags: 0
  m_PrefabParentObject: {fileID: 2300000, guid: 996f0228d03f2114bb727b5df57dce86,
    type: 2}
  m_PrefabInternal: {fileID: 984322890}
  m_GameObject: {fileID: 670277050}
  m_Enabled: 1
  m_CastShadows: 1
  m_ReceiveShadows: 1
  m_MotionVectors: 1
  m_LightProbeUsage: 0
  m_ReflectionProbeUsage: 1
  m_Materials:
  - {fileID: 10302, guid: 0000000000000000f000000000000000, type: 0}
  m_SubsetIndices: 
  m_StaticBatchRoot: {fileID: 0}
  m_ProbeAnchor: {fileID: 0}
  m_LightProbeVolumeOverride: {fileID: 0}
  m_ScaleInLightmap: 1
  m_PreserveUVs: 0
  m_IgnoreNormalsForChartDetection: 0
  m_ImportantGI: 0
  m_SelectedWireframeHidden: 0
  m_MinimumChartSize: 4
  m_AutoUVMaxDistance: 0.5
  m_AutoUVMaxAngle: 89
  m_LightmapParameters: {fileID: 0}
  m_SortingLayerID: 0
  m_SortingOrder: 0
--- !u!135 &670277053
SphereCollider:
  m_ObjectHideFlags: 0
  m_PrefabParentObject: {fileID: 13500000, guid: 996f0228d03f2114bb727b5df57dce86,
    type: 2}
  m_PrefabInternal: {fileID: 984322890}
  m_GameObject: {fileID: 670277050}
  m_Material: {fileID: 0}
  m_IsTrigger: 0
  m_Enabled: 1
  serializedVersion: 2
  m_Radius: 0.5000001
  m_Center: {x: 0.000000059604645, y: 0, z: -0.00000008940697}
--- !u!33 &670277054
MeshFilter:
  m_ObjectHideFlags: 0
  m_PrefabParentObject: {fileID: 3300000, guid: 996f0228d03f2114bb727b5df57dce86,
    type: 2}
  m_PrefabInternal: {fileID: 984322890}
  m_GameObject: {fileID: 670277050}
  m_Mesh: {fileID: 10207, guid: 0000000000000000e000000000000000, type: 0}
--- !u!1 &779611089
GameObject:
  m_ObjectHideFlags: 0
  m_PrefabParentObject: {fileID: 100016, guid: 996f0228d03f2114bb727b5df57dce86, type: 2}
  m_PrefabInternal: {fileID: 984322890}
  serializedVersion: 4
  m_Component:
  - 4: {fileID: 779611090}
  - 33: {fileID: 779611093}
  - 135: {fileID: 779611092}
  - 23: {fileID: 779611091}
  m_Layer: 0
  m_Name: 21_Elbow_Right
  m_TagString: Untagged
  m_Icon: {fileID: 0}
  m_NavMeshLayer: 0
  m_StaticEditorFlags: 0
  m_IsActive: 1
--- !u!4 &779611090
Transform:
  m_ObjectHideFlags: 0
  m_PrefabParentObject: {fileID: 400016, guid: 996f0228d03f2114bb727b5df57dce86, type: 2}
  m_PrefabInternal: {fileID: 984322890}
  m_GameObject: {fileID: 779611089}
  m_LocalRotation: {x: 0, y: 0, z: 0, w: 1}
  m_LocalPosition: {x: 0, y: 0, z: 0}
  m_LocalScale: {x: 0.1, y: 0.1, z: 0.1}
  m_LocalEulerAnglesHint: {x: 0, y: 0, z: 0}
  m_Children: []
  m_Father: {fileID: 846258117}
  m_RootOrder: 6
--- !u!23 &779611091
MeshRenderer:
  m_ObjectHideFlags: 0
  m_PrefabParentObject: {fileID: 2300016, guid: 996f0228d03f2114bb727b5df57dce86,
    type: 2}
  m_PrefabInternal: {fileID: 984322890}
  m_GameObject: {fileID: 779611089}
  m_Enabled: 1
  m_CastShadows: 1
  m_ReceiveShadows: 1
  m_MotionVectors: 1
  m_LightProbeUsage: 0
  m_ReflectionProbeUsage: 1
  m_Materials:
  - {fileID: 10302, guid: 0000000000000000f000000000000000, type: 0}
  m_SubsetIndices: 
  m_StaticBatchRoot: {fileID: 0}
  m_ProbeAnchor: {fileID: 0}
  m_LightProbeVolumeOverride: {fileID: 0}
  m_ScaleInLightmap: 1
  m_PreserveUVs: 0
  m_IgnoreNormalsForChartDetection: 0
  m_ImportantGI: 0
  m_SelectedWireframeHidden: 0
  m_MinimumChartSize: 4
  m_AutoUVMaxDistance: 0.5
  m_AutoUVMaxAngle: 89
  m_LightmapParameters: {fileID: 0}
  m_SortingLayerID: 0
  m_SortingOrder: 0
--- !u!135 &779611092
SphereCollider:
  m_ObjectHideFlags: 0
  m_PrefabParentObject: {fileID: 13500016, guid: 996f0228d03f2114bb727b5df57dce86,
    type: 2}
  m_PrefabInternal: {fileID: 984322890}
  m_GameObject: {fileID: 779611089}
  m_Material: {fileID: 0}
  m_IsTrigger: 0
  m_Enabled: 1
  serializedVersion: 2
  m_Radius: 0.5000001
  m_Center: {x: 0.000000059604645, y: 0, z: -0.00000008940697}
--- !u!33 &779611093
MeshFilter:
  m_ObjectHideFlags: 0
  m_PrefabParentObject: {fileID: 3300016, guid: 996f0228d03f2114bb727b5df57dce86,
    type: 2}
  m_PrefabInternal: {fileID: 984322890}
  m_GameObject: {fileID: 779611089}
  m_Mesh: {fileID: 10207, guid: 0000000000000000e000000000000000, type: 0}
--- !u!1 &791257381
GameObject:
  m_ObjectHideFlags: 0
  m_PrefabParentObject: {fileID: 148306, guid: 0ec3a592220ce4046b4ad98b2a7554b2, type: 2}
  m_PrefabInternal: {fileID: 552313908}
  serializedVersion: 4
  m_Component:
  - 4: {fileID: 791257382}
  m_Layer: 0
  m_Name: right_knee
  m_TagString: Untagged
  m_Icon: {fileID: 0}
  m_NavMeshLayer: 0
  m_StaticEditorFlags: 0
  m_IsActive: 1
--- !u!4 &791257382
Transform:
  m_ObjectHideFlags: 0
  m_PrefabParentObject: {fileID: 429154, guid: 0ec3a592220ce4046b4ad98b2a7554b2, type: 2}
  m_PrefabInternal: {fileID: 552313908}
  m_GameObject: {fileID: 791257381}
  m_LocalRotation: {x: 0, y: 0, z: 0, w: 1}
  m_LocalPosition: {x: 6.15244, y: 0.33588, z: 1.0608}
  m_LocalScale: {x: 1, y: 1, z: 1}
  m_LocalEulerAnglesHint: {x: 0, y: 0, z: 0}
  m_Children:
  - {fileID: 1020116129}
  m_Father: {fileID: 1186232264}
  m_RootOrder: 0
--- !u!1 &846258115
GameObject:
  m_ObjectHideFlags: 0
  m_PrefabParentObject: {fileID: 100042, guid: 996f0228d03f2114bb727b5df57dce86, type: 2}
  m_PrefabInternal: {fileID: 984322890}
  serializedVersion: 4
  m_Component:
  - 4: {fileID: 846258117}
  - 114: {fileID: 846258116}
  m_Layer: 0
  m_Name: KinectPointMan
  m_TagString: Untagged
  m_Icon: {fileID: 0}
  m_NavMeshLayer: 0
  m_StaticEditorFlags: 0
  m_IsActive: 1
--- !u!114 &846258116
MonoBehaviour:
  m_ObjectHideFlags: 0
  m_PrefabParentObject: {fileID: 11400000, guid: 996f0228d03f2114bb727b5df57dce86,
    type: 2}
  m_PrefabInternal: {fileID: 984322890}
  m_GameObject: {fileID: 846258115}
  m_Enabled: 1
  m_EditorHideFlags: 0
  m_Script: {fileID: 11500000, guid: 045143bf7a022a948b411ac9fe734c2a, type: 3}
  m_Name: 
  m_EditorClassIdentifier: 
--- !u!4 &846258117
Transform:
  m_ObjectHideFlags: 0
  m_PrefabParentObject: {fileID: 400042, guid: 996f0228d03f2114bb727b5df57dce86, type: 2}
  m_PrefabInternal: {fileID: 984322890}
  m_GameObject: {fileID: 846258115}
  m_LocalRotation: {x: 0, y: 0, z: 0, w: 1}
  m_LocalPosition: {x: 0, y: -0.6, z: -5}
  m_LocalScale: {x: 1, y: 1, z: 1}
  m_LocalEulerAnglesHint: {x: 0, y: 0, z: 0}
  m_Children:
  - {fileID: 1952245106}
  - {fileID: 947157135}
  - {fileID: 360107981}
  - {fileID: 72254968}
  - {fileID: 1750369808}
  - {fileID: 1283205751}
  - {fileID: 779611090}
  - {fileID: 1563834395}
  - {fileID: 302432592}
  - {fileID: 1518804437}
  - {fileID: 1629639176}
  - {fileID: 387648658}
  - {fileID: 897562326}
  - {fileID: 670277051}
  - {fileID: 1406448503}
  - {fileID: 358015490}
  - {fileID: 194195873}
  - {fileID: 1068068690}
  - {fileID: 880695131}
  - {fileID: 345069915}
  m_Father: {fileID: 0}
  m_RootOrder: 3
--- !u!1 &880695130
GameObject:
  m_ObjectHideFlags: 0
  m_PrefabParentObject: {fileID: 100008, guid: 996f0228d03f2114bb727b5df57dce86, type: 2}
  m_PrefabInternal: {fileID: 984322890}
  serializedVersion: 4
  m_Component:
  - 4: {fileID: 880695131}
  - 33: {fileID: 880695134}
  - 135: {fileID: 880695133}
  - 23: {fileID: 880695132}
  m_Layer: 0
  m_Name: 33_Foot_Left
  m_TagString: Untagged
  m_Icon: {fileID: 0}
  m_NavMeshLayer: 0
  m_StaticEditorFlags: 0
  m_IsActive: 1
--- !u!4 &880695131
Transform:
  m_ObjectHideFlags: 0
  m_PrefabParentObject: {fileID: 400008, guid: 996f0228d03f2114bb727b5df57dce86, type: 2}
  m_PrefabInternal: {fileID: 984322890}
  m_GameObject: {fileID: 880695130}
  m_LocalRotation: {x: 0, y: 0, z: 0, w: 1}
  m_LocalPosition: {x: 0, y: 0, z: 0}
  m_LocalScale: {x: 0.1, y: 0.1, z: 0.1}
  m_LocalEulerAnglesHint: {x: 0, y: 0, z: 0}
  m_Children: []
  m_Father: {fileID: 846258117}
  m_RootOrder: 18
--- !u!23 &880695132
MeshRenderer:
  m_ObjectHideFlags: 0
  m_PrefabParentObject: {fileID: 2300008, guid: 996f0228d03f2114bb727b5df57dce86,
    type: 2}
  m_PrefabInternal: {fileID: 984322890}
  m_GameObject: {fileID: 880695130}
  m_Enabled: 1
  m_CastShadows: 1
  m_ReceiveShadows: 1
  m_MotionVectors: 1
  m_LightProbeUsage: 0
  m_ReflectionProbeUsage: 1
  m_Materials:
  - {fileID: 10302, guid: 0000000000000000f000000000000000, type: 0}
  m_SubsetIndices: 
  m_StaticBatchRoot: {fileID: 0}
  m_ProbeAnchor: {fileID: 0}
  m_LightProbeVolumeOverride: {fileID: 0}
  m_ScaleInLightmap: 1
  m_PreserveUVs: 0
  m_IgnoreNormalsForChartDetection: 0
  m_ImportantGI: 0
  m_SelectedWireframeHidden: 0
  m_MinimumChartSize: 4
  m_AutoUVMaxDistance: 0.5
  m_AutoUVMaxAngle: 89
  m_LightmapParameters: {fileID: 0}
  m_SortingLayerID: 0
  m_SortingOrder: 0
--- !u!135 &880695133
SphereCollider:
  m_ObjectHideFlags: 0
  m_PrefabParentObject: {fileID: 13500008, guid: 996f0228d03f2114bb727b5df57dce86,
    type: 2}
  m_PrefabInternal: {fileID: 984322890}
  m_GameObject: {fileID: 880695130}
  m_Material: {fileID: 0}
  m_IsTrigger: 0
  m_Enabled: 1
  serializedVersion: 2
  m_Radius: 0.5000001
  m_Center: {x: 0.000000059604645, y: 0, z: -0.00000008940697}
--- !u!33 &880695134
MeshFilter:
  m_ObjectHideFlags: 0
  m_PrefabParentObject: {fileID: 3300008, guid: 996f0228d03f2114bb727b5df57dce86,
    type: 2}
  m_PrefabInternal: {fileID: 984322890}
  m_GameObject: {fileID: 880695130}
  m_Mesh: {fileID: 10207, guid: 0000000000000000e000000000000000, type: 0}
--- !u!1 &897562325
GameObject:
  m_ObjectHideFlags: 0
  m_PrefabParentObject: {fileID: 100014, guid: 996f0228d03f2114bb727b5df57dce86, type: 2}
  m_PrefabInternal: {fileID: 984322890}
  serializedVersion: 4
  m_Component:
  - 4: {fileID: 897562326}
  - 33: {fileID: 897562329}
  - 135: {fileID: 897562328}
  - 23: {fileID: 897562327}
  m_Layer: 0
  m_Name: 30_Hip_Left
  m_TagString: Untagged
  m_Icon: {fileID: 0}
  m_NavMeshLayer: 0
  m_StaticEditorFlags: 0
  m_IsActive: 1
--- !u!4 &897562326
Transform:
  m_ObjectHideFlags: 0
  m_PrefabParentObject: {fileID: 400014, guid: 996f0228d03f2114bb727b5df57dce86, type: 2}
  m_PrefabInternal: {fileID: 984322890}
  m_GameObject: {fileID: 897562325}
  m_LocalRotation: {x: 0, y: 0, z: 0, w: 1}
  m_LocalPosition: {x: 0, y: 0, z: 0}
  m_LocalScale: {x: 0.1, y: 0.1, z: 0.1}
  m_LocalEulerAnglesHint: {x: 0, y: 0, z: 0}
  m_Children: []
  m_Father: {fileID: 846258117}
  m_RootOrder: 12
--- !u!23 &897562327
MeshRenderer:
  m_ObjectHideFlags: 0
  m_PrefabParentObject: {fileID: 2300014, guid: 996f0228d03f2114bb727b5df57dce86,
    type: 2}
  m_PrefabInternal: {fileID: 984322890}
  m_GameObject: {fileID: 897562325}
  m_Enabled: 1
  m_CastShadows: 1
  m_ReceiveShadows: 1
  m_MotionVectors: 1
  m_LightProbeUsage: 0
  m_ReflectionProbeUsage: 1
  m_Materials:
  - {fileID: 10302, guid: 0000000000000000f000000000000000, type: 0}
  m_SubsetIndices: 
  m_StaticBatchRoot: {fileID: 0}
  m_ProbeAnchor: {fileID: 0}
  m_LightProbeVolumeOverride: {fileID: 0}
  m_ScaleInLightmap: 1
  m_PreserveUVs: 0
  m_IgnoreNormalsForChartDetection: 0
  m_ImportantGI: 0
  m_SelectedWireframeHidden: 0
  m_MinimumChartSize: 4
  m_AutoUVMaxDistance: 0.5
  m_AutoUVMaxAngle: 89
  m_LightmapParameters: {fileID: 0}
  m_SortingLayerID: 0
  m_SortingOrder: 0
--- !u!135 &897562328
SphereCollider:
  m_ObjectHideFlags: 0
  m_PrefabParentObject: {fileID: 13500014, guid: 996f0228d03f2114bb727b5df57dce86,
    type: 2}
  m_PrefabInternal: {fileID: 984322890}
  m_GameObject: {fileID: 897562325}
  m_Material: {fileID: 0}
  m_IsTrigger: 0
  m_Enabled: 1
  serializedVersion: 2
  m_Radius: 0.5000001
  m_Center: {x: 0.000000059604645, y: 0, z: -0.00000008940697}
--- !u!33 &897562329
MeshFilter:
  m_ObjectHideFlags: 0
  m_PrefabParentObject: {fileID: 3300014, guid: 996f0228d03f2114bb727b5df57dce86,
    type: 2}
  m_PrefabInternal: {fileID: 984322890}
  m_GameObject: {fileID: 897562325}
  m_Mesh: {fileID: 10207, guid: 0000000000000000e000000000000000, type: 0}
--- !u!1 &940259328
GameObject:
  m_ObjectHideFlags: 0
  m_PrefabParentObject: {fileID: 105702, guid: 0ec3a592220ce4046b4ad98b2a7554b2, type: 2}
  m_PrefabInternal: {fileID: 552313908}
  serializedVersion: 4
  m_Component:
  - 4: {fileID: 940259329}
  m_Layer: 0
  m_Name: head
  m_TagString: Untagged
  m_Icon: {fileID: 0}
  m_NavMeshLayer: 0
  m_StaticEditorFlags: 0
  m_IsActive: 1
--- !u!4 &940259329
Transform:
  m_ObjectHideFlags: 0
  m_PrefabParentObject: {fileID: 457092, guid: 0ec3a592220ce4046b4ad98b2a7554b2, type: 2}
  m_PrefabInternal: {fileID: 552313908}
  m_GameObject: {fileID: 940259328}
  m_LocalRotation: {x: 0, y: 0, z: 0.7071068, w: 0.7071068}
  m_LocalPosition: {x: -3, y: 6.661338e-16, z: 0}
  m_LocalScale: {x: 1, y: 1, z: 1}
  m_LocalEulerAnglesHint: {x: 0, y: 0, z: 0}
  m_Children: []
  m_Father: {fileID: 1021525280}
  m_RootOrder: 0
--- !u!1 &947157134
GameObject:
  m_ObjectHideFlags: 0
  m_PrefabParentObject: {fileID: 100032, guid: 996f0228d03f2114bb727b5df57dce86, type: 2}
  m_PrefabInternal: {fileID: 984322890}
  serializedVersion: 4
  m_Component:
  - 4: {fileID: 947157135}
  - 33: {fileID: 947157138}
  - 135: {fileID: 947157137}
  - 23: {fileID: 947157136}
  m_Layer: 0
  m_Name: 02_Shoulder_Center
  m_TagString: Untagged
  m_Icon: {fileID: 0}
  m_NavMeshLayer: 0
  m_StaticEditorFlags: 0
  m_IsActive: 1
--- !u!4 &947157135
Transform:
  m_ObjectHideFlags: 0
  m_PrefabParentObject: {fileID: 400032, guid: 996f0228d03f2114bb727b5df57dce86, type: 2}
  m_PrefabInternal: {fileID: 984322890}
  m_GameObject: {fileID: 947157134}
  m_LocalRotation: {x: 0, y: 0, z: 0, w: 1}
  m_LocalPosition: {x: 0, y: 0, z: 0}
  m_LocalScale: {x: 0.1, y: 0.1, z: 0.1}
  m_LocalEulerAnglesHint: {x: 0, y: 0, z: 0}
  m_Children: []
  m_Father: {fileID: 846258117}
  m_RootOrder: 1
--- !u!23 &947157136
MeshRenderer:
  m_ObjectHideFlags: 0
  m_PrefabParentObject: {fileID: 2300032, guid: 996f0228d03f2114bb727b5df57dce86,
    type: 2}
  m_PrefabInternal: {fileID: 984322890}
  m_GameObject: {fileID: 947157134}
  m_Enabled: 1
  m_CastShadows: 1
  m_ReceiveShadows: 1
  m_MotionVectors: 1
  m_LightProbeUsage: 0
  m_ReflectionProbeUsage: 1
  m_Materials:
  - {fileID: 10302, guid: 0000000000000000f000000000000000, type: 0}
  m_SubsetIndices: 
  m_StaticBatchRoot: {fileID: 0}
  m_ProbeAnchor: {fileID: 0}
  m_LightProbeVolumeOverride: {fileID: 0}
  m_ScaleInLightmap: 1
  m_PreserveUVs: 0
  m_IgnoreNormalsForChartDetection: 0
  m_ImportantGI: 0
  m_SelectedWireframeHidden: 0
  m_MinimumChartSize: 4
  m_AutoUVMaxDistance: 0.5
  m_AutoUVMaxAngle: 89
  m_LightmapParameters: {fileID: 0}
  m_SortingLayerID: 0
  m_SortingOrder: 0
--- !u!135 &947157137
SphereCollider:
  m_ObjectHideFlags: 0
  m_PrefabParentObject: {fileID: 13500032, guid: 996f0228d03f2114bb727b5df57dce86,
    type: 2}
  m_PrefabInternal: {fileID: 984322890}
  m_GameObject: {fileID: 947157134}
  m_Material: {fileID: 0}
  m_IsTrigger: 0
  m_Enabled: 1
  serializedVersion: 2
  m_Radius: 0.5000001
  m_Center: {x: 0.000000059604645, y: 0, z: -0.00000008940697}
--- !u!33 &947157138
MeshFilter:
  m_ObjectHideFlags: 0
  m_PrefabParentObject: {fileID: 3300032, guid: 996f0228d03f2114bb727b5df57dce86,
    type: 2}
  m_PrefabInternal: {fileID: 984322890}
  m_GameObject: {fileID: 947157134}
  m_Mesh: {fileID: 10207, guid: 0000000000000000e000000000000000, type: 0}
--- !u!1001 &984322890
Prefab:
  m_ObjectHideFlags: 0
  serializedVersion: 2
  m_Modification:
    m_TransformParent: {fileID: 0}
    m_Modifications:
    - target: {fileID: 400042, guid: 996f0228d03f2114bb727b5df57dce86, type: 2}
      propertyPath: m_LocalPosition.x
      value: 0
      objectReference: {fileID: 0}
    - target: {fileID: 400042, guid: 996f0228d03f2114bb727b5df57dce86, type: 2}
      propertyPath: m_LocalPosition.y
      value: -.600000024
      objectReference: {fileID: 0}
    - target: {fileID: 400042, guid: 996f0228d03f2114bb727b5df57dce86, type: 2}
      propertyPath: m_LocalPosition.z
      value: -5
      objectReference: {fileID: 0}
    - target: {fileID: 400042, guid: 996f0228d03f2114bb727b5df57dce86, type: 2}
      propertyPath: m_LocalRotation.x
      value: 0
      objectReference: {fileID: 0}
    - target: {fileID: 400042, guid: 996f0228d03f2114bb727b5df57dce86, type: 2}
      propertyPath: m_LocalRotation.y
      value: 0
      objectReference: {fileID: 0}
    - target: {fileID: 400042, guid: 996f0228d03f2114bb727b5df57dce86, type: 2}
      propertyPath: m_LocalRotation.z
      value: 0
      objectReference: {fileID: 0}
    - target: {fileID: 400042, guid: 996f0228d03f2114bb727b5df57dce86, type: 2}
      propertyPath: m_LocalRotation.w
      value: 1
      objectReference: {fileID: 0}
    - target: {fileID: 11400000, guid: 996f0228d03f2114bb727b5df57dce86, type: 2}
      propertyPath: sw
      value: 
      objectReference: {fileID: 155010547}
    - target: {fileID: 400042, guid: 996f0228d03f2114bb727b5df57dce86, type: 2}
      propertyPath: m_RootOrder
      value: 3
      objectReference: {fileID: 0}
    m_RemovedComponents: []
  m_ParentPrefab: {fileID: 100100000, guid: 996f0228d03f2114bb727b5df57dce86, type: 2}
  m_RootGameObject: {fileID: 846258115}
  m_IsPrefabParent: 0
--- !u!1 &992839321
GameObject:
  m_ObjectHideFlags: 0
  m_PrefabParentObject: {fileID: 139438, guid: 0ec3a592220ce4046b4ad98b2a7554b2, type: 2}
  m_PrefabInternal: {fileID: 552313908}
  serializedVersion: 4
  m_Component:
  - 4: {fileID: 992839322}
  m_Layer: 0
  m_Name: right_shoulder
  m_TagString: Untagged
  m_Icon: {fileID: 0}
  m_NavMeshLayer: 0
  m_StaticEditorFlags: 0
  m_IsActive: 1
--- !u!4 &992839322
Transform:
  m_ObjectHideFlags: 0
  m_PrefabParentObject: {fileID: 438330, guid: 0ec3a592220ce4046b4ad98b2a7554b2, type: 2}
  m_PrefabInternal: {fileID: 552313908}
  m_GameObject: {fileID: 992839321}
  m_LocalRotation: {x: 0, y: 0, z: 0, w: 1}
  m_LocalPosition: {x: 1.318549, y: 1.7214446e-15, z: 0.5346}
  m_LocalScale: {x: 1, y: 1, z: 1}
  m_LocalEulerAnglesHint: {x: 0, y: 0, z: 0}
  m_Children:
  - {fileID: 1604022001}
  m_Father: {fileID: 1546102277}
  m_RootOrder: 0
--- !u!1 &1020116128
GameObject:
  m_ObjectHideFlags: 0
  m_PrefabParentObject: {fileID: 172066, guid: 0ec3a592220ce4046b4ad98b2a7554b2, type: 2}
  m_PrefabInternal: {fileID: 552313908}
  serializedVersion: 4
  m_Component:
  - 4: {fileID: 1020116129}
  m_Layer: 0
  m_Name: right_ankle
  m_TagString: Untagged
  m_Icon: {fileID: 0}
  m_NavMeshLayer: 0
  m_StaticEditorFlags: 0
  m_IsActive: 1
--- !u!4 &1020116129
Transform:
  m_ObjectHideFlags: 0
  m_PrefabParentObject: {fileID: 425192, guid: 0ec3a592220ce4046b4ad98b2a7554b2, type: 2}
  m_PrefabInternal: {fileID: 552313908}
  m_GameObject: {fileID: 1020116128}
  m_LocalRotation: {x: 0, y: 0, z: 0, w: 1}
  m_LocalPosition: {x: 6.61912, y: 0.13435, z: -1.0608}
  m_LocalScale: {x: 1, y: 1, z: 1}
  m_LocalEulerAnglesHint: {x: 0, y: 0, z: 0}
  m_Children:
  - {fileID: 669389019}
  m_Father: {fileID: 791257382}
  m_RootOrder: 0
--- !u!1 &1021525279
GameObject:
  m_ObjectHideFlags: 0
  m_PrefabParentObject: {fileID: 158208, guid: 0ec3a592220ce4046b4ad98b2a7554b2, type: 2}
  m_PrefabInternal: {fileID: 552313908}
  serializedVersion: 4
  m_Component:
  - 4: {fileID: 1021525280}
  m_Layer: 0
  m_Name: neck
  m_TagString: Untagged
  m_Icon: {fileID: 0}
  m_NavMeshLayer: 0
  m_StaticEditorFlags: 0
  m_IsActive: 1
--- !u!4 &1021525280
Transform:
  m_ObjectHideFlags: 0
  m_PrefabParentObject: {fileID: 497004, guid: 0ec3a592220ce4046b4ad98b2a7554b2, type: 2}
  m_PrefabInternal: {fileID: 552313908}
  m_GameObject: {fileID: 1021525279}
  m_LocalRotation: {x: 0, y: 0, z: 0, w: 1}
  m_LocalPosition: {x: -5, y: 1.110223e-15, z: -0.0011018036}
  m_LocalScale: {x: 1, y: 1, z: 1}
  m_LocalEulerAnglesHint: {x: 0, y: 0, z: 0}
  m_Children:
  - {fileID: 940259329}
  m_Father: {fileID: 2023168656}
  m_RootOrder: 1
--- !u!1 &1067153723
GameObject:
  m_ObjectHideFlags: 0
  m_PrefabParentObject: {fileID: 175936, guid: 0ec3a592220ce4046b4ad98b2a7554b2, type: 2}
  m_PrefabInternal: {fileID: 552313908}
  serializedVersion: 4
  m_Component:
  - 4: {fileID: 1067153724}
  m_Layer: 0
  m_Name: right_fingers
  m_TagString: Untagged
  m_Icon: {fileID: 0}
  m_NavMeshLayer: 0
  m_StaticEditorFlags: 0
  m_IsActive: 1
--- !u!4 &1067153724
Transform:
  m_ObjectHideFlags: 0
  m_PrefabParentObject: {fileID: 438234, guid: 0ec3a592220ce4046b4ad98b2a7554b2, type: 2}
  m_PrefabInternal: {fileID: 552313908}
  m_GameObject: {fileID: 1067153723}
  m_LocalRotation: {x: 0.5, y: 0.5, z: -0.5, w: 0.5}
  m_LocalPosition: {x: 1.3145, y: 7.18294e-17, z: -0.0404}
  m_LocalScale: {x: 1, y: 1, z: 1}
  m_LocalEulerAnglesHint: {x: 0, y: 0, z: 0}
  m_Children: []
  m_Father: {fileID: 87841331}
  m_RootOrder: 0
--- !u!1 &1068068689
GameObject:
  m_ObjectHideFlags: 0
  m_PrefabParentObject: {fileID: 100004, guid: 996f0228d03f2114bb727b5df57dce86, type: 2}
  m_PrefabInternal: {fileID: 984322890}
  serializedVersion: 4
  m_Component:
  - 4: {fileID: 1068068690}
  - 33: {fileID: 1068068693}
  - 135: {fileID: 1068068692}
  - 23: {fileID: 1068068691}
  m_Layer: 0
  m_Name: 42_Ankle_Right
  m_TagString: Untagged
  m_Icon: {fileID: 0}
  m_NavMeshLayer: 0
  m_StaticEditorFlags: 0
  m_IsActive: 1
--- !u!4 &1068068690
Transform:
  m_ObjectHideFlags: 0
  m_PrefabParentObject: {fileID: 400004, guid: 996f0228d03f2114bb727b5df57dce86, type: 2}
  m_PrefabInternal: {fileID: 984322890}
  m_GameObject: {fileID: 1068068689}
  m_LocalRotation: {x: 0, y: 0, z: 0, w: 1}
  m_LocalPosition: {x: 0, y: 0, z: 0}
  m_LocalScale: {x: 0.1, y: 0.1, z: 0.1}
  m_LocalEulerAnglesHint: {x: 0, y: 0, z: 0}
  m_Children: []
  m_Father: {fileID: 846258117}
  m_RootOrder: 17
--- !u!23 &1068068691
MeshRenderer:
  m_ObjectHideFlags: 0
  m_PrefabParentObject: {fileID: 2300004, guid: 996f0228d03f2114bb727b5df57dce86,
    type: 2}
  m_PrefabInternal: {fileID: 984322890}
  m_GameObject: {fileID: 1068068689}
  m_Enabled: 1
  m_CastShadows: 1
  m_ReceiveShadows: 1
  m_MotionVectors: 1
  m_LightProbeUsage: 0
  m_ReflectionProbeUsage: 1
  m_Materials:
  - {fileID: 10302, guid: 0000000000000000f000000000000000, type: 0}
  m_SubsetIndices: 
  m_StaticBatchRoot: {fileID: 0}
  m_ProbeAnchor: {fileID: 0}
  m_LightProbeVolumeOverride: {fileID: 0}
  m_ScaleInLightmap: 1
  m_PreserveUVs: 0
  m_IgnoreNormalsForChartDetection: 0
  m_ImportantGI: 0
  m_SelectedWireframeHidden: 0
  m_MinimumChartSize: 4
  m_AutoUVMaxDistance: 0.5
  m_AutoUVMaxAngle: 89
  m_LightmapParameters: {fileID: 0}
  m_SortingLayerID: 0
  m_SortingOrder: 0
--- !u!135 &1068068692
SphereCollider:
  m_ObjectHideFlags: 0
  m_PrefabParentObject: {fileID: 13500004, guid: 996f0228d03f2114bb727b5df57dce86,
    type: 2}
  m_PrefabInternal: {fileID: 984322890}
  m_GameObject: {fileID: 1068068689}
  m_Material: {fileID: 0}
  m_IsTrigger: 0
  m_Enabled: 1
  serializedVersion: 2
  m_Radius: 0.5000001
  m_Center: {x: 0.000000059604645, y: 0, z: -0.00000008940697}
--- !u!33 &1068068693
MeshFilter:
  m_ObjectHideFlags: 0
  m_PrefabParentObject: {fileID: 3300004, guid: 996f0228d03f2114bb727b5df57dce86,
    type: 2}
  m_PrefabInternal: {fileID: 984322890}
  m_GameObject: {fileID: 1068068689}
  m_Mesh: {fileID: 10207, guid: 0000000000000000e000000000000000, type: 0}
--- !u!1 &1089618643
GameObject:
  m_ObjectHideFlags: 0
  m_PrefabParentObject: {fileID: 126044, guid: 0ec3a592220ce4046b4ad98b2a7554b2, type: 2}
  m_PrefabInternal: {fileID: 552313908}
  serializedVersion: 4
  m_Component:
  - 4: {fileID: 1089618644}
  m_Layer: 0
  m_Name: root_joint
  m_TagString: Untagged
  m_Icon: {fileID: 0}
  m_NavMeshLayer: 0
  m_StaticEditorFlags: 0
  m_IsActive: 1
--- !u!4 &1089618644
Transform:
  m_ObjectHideFlags: 0
  m_PrefabParentObject: {fileID: 424830, guid: 0ec3a592220ce4046b4ad98b2a7554b2, type: 2}
  m_PrefabInternal: {fileID: 552313908}
  m_GameObject: {fileID: 1089618643}
  m_LocalRotation: {x: 0, y: 0, z: -0.7071068, w: 0.7071068}
  m_LocalPosition: {x: -1.341464e-16, y: 16.604141, z: 0}
  m_LocalScale: {x: 1, y: 1, z: 1}
  m_LocalEulerAnglesHint: {x: 0, y: 0, z: 0}
  m_Children:
  - {fileID: 1216067978}
  - {fileID: 444735144}
  - {fileID: 1363398412}
  m_Father: {fileID: 75522432}
  m_RootOrder: 0
--- !u!1 &1149456386
GameObject:
  m_ObjectHideFlags: 0
  m_PrefabParentObject: {fileID: 164654, guid: 0ec3a592220ce4046b4ad98b2a7554b2, type: 2}
  m_PrefabInternal: {fileID: 552313908}
  serializedVersion: 4
  m_Component:
  - 4: {fileID: 1149456387}
  - 137: {fileID: 1149456388}
  m_Layer: 0
  m_Name: mesh
  m_TagString: Untagged
  m_Icon: {fileID: 0}
  m_NavMeshLayer: 0
  m_StaticEditorFlags: 0
  m_IsActive: 1
--- !u!4 &1149456387
Transform:
  m_ObjectHideFlags: 0
  m_PrefabParentObject: {fileID: 452904, guid: 0ec3a592220ce4046b4ad98b2a7554b2, type: 2}
  m_PrefabInternal: {fileID: 552313908}
  m_GameObject: {fileID: 1149456386}
  m_LocalRotation: {x: 0, y: 0, z: 0, w: 1}
  m_LocalPosition: {x: 0, y: 0, z: 0}
  m_LocalScale: {x: 1, y: 1, z: 1}
  m_LocalEulerAnglesHint: {x: 0, y: 0, z: 0}
  m_Children: []
  m_Father: {fileID: 72202035}
  m_RootOrder: 0
--- !u!137 &1149456388
SkinnedMeshRenderer:
  m_ObjectHideFlags: 0
  m_PrefabParentObject: {fileID: 13751878, guid: 0ec3a592220ce4046b4ad98b2a7554b2,
    type: 2}
  m_PrefabInternal: {fileID: 552313908}
  m_GameObject: {fileID: 1149456386}
  m_Enabled: 1
  m_CastShadows: 1
  m_ReceiveShadows: 1
  m_MotionVectors: 1
  m_LightProbeUsage: 1
  m_ReflectionProbeUsage: 1
  m_Materials:
  - {fileID: 2100000, guid: a4c1988d864759a49a8a7e7b7504a369, type: 2}
  m_SubsetIndices: 
  m_StaticBatchRoot: {fileID: 0}
  m_ProbeAnchor: {fileID: 0}
  m_LightProbeVolumeOverride: {fileID: 0}
  m_ScaleInLightmap: 1
  m_PreserveUVs: 0
  m_IgnoreNormalsForChartDetection: 0
  m_ImportantGI: 0
  m_SelectedWireframeHidden: 0
  m_MinimumChartSize: 4
  m_AutoUVMaxDistance: 0.5
  m_AutoUVMaxAngle: 89
  m_LightmapParameters: {fileID: 0}
  m_SortingLayerID: 0
  m_SortingOrder: 0
  serializedVersion: 2
  m_Quality: 0
  m_UpdateWhenOffscreen: 0
  m_SkinnedMotionVectors: 1
  m_Mesh: {fileID: 4300000, guid: c254fcd6c1a5b62409caba4b180ee5cf, type: 3}
  m_Bones:
  - {fileID: 1089618644}
  - {fileID: 444735144}
  - {fileID: 1222843694}
  - {fileID: 127377732}
  - {fileID: 1660483733}
  - {fileID: 3821888}
  - {fileID: 1363398412}
  - {fileID: 1186232264}
  - {fileID: 791257382}
  - {fileID: 1020116129}
  - {fileID: 669389019}
  - {fileID: 1216067978}
  - {fileID: 2023168656}
  - {fileID: 1021525280}
  - {fileID: 940259329}
  - {fileID: 463205824}
  - {fileID: 1310249783}
  - {fileID: 1323286645}
  - {fileID: 1810961361}
  - {fileID: 173797796}
  - {fileID: 1806527829}
  - {fileID: 1546102277}
  - {fileID: 992839322}
  - {fileID: 1604022001}
  - {fileID: 1441146318}
  - {fileID: 87841331}
  - {fileID: 1067153724}
  m_BlendShapeWeights: []
  m_RootBone: {fileID: 1089618644}
  m_AABB:
    m_Center: {x: 3.0560045, y: 0, z: 1.2972567}
    m_Extent: {x: 13.237723, y: 13.545733, z: 1.826535}
  m_DirtyAABB: 0
--- !u!1 &1186232263
GameObject:
  m_ObjectHideFlags: 0
  m_PrefabParentObject: {fileID: 179784, guid: 0ec3a592220ce4046b4ad98b2a7554b2, type: 2}
  m_PrefabInternal: {fileID: 552313908}
  serializedVersion: 4
  m_Component:
  - 4: {fileID: 1186232264}
  m_Layer: 0
  m_Name: right_thigh
  m_TagString: Untagged
  m_Icon: {fileID: 0}
  m_NavMeshLayer: 0
  m_StaticEditorFlags: 0
  m_IsActive: 1
--- !u!4 &1186232264
Transform:
  m_ObjectHideFlags: 0
  m_PrefabParentObject: {fileID: 496172, guid: 0ec3a592220ce4046b4ad98b2a7554b2, type: 2}
  m_PrefabInternal: {fileID: 552313908}
  m_GameObject: {fileID: 1186232263}
  m_LocalRotation: {x: 0, y: -0.023645014, z: -0, w: 0.99972045}
  m_LocalPosition: {x: 2.22595, y: 1.10748, z: 0.105353594}
  m_LocalScale: {x: 1, y: 1, z: 1}
  m_LocalEulerAnglesHint: {x: 0, y: 0, z: 0}
  m_Children:
  - {fileID: 791257382}
  m_Father: {fileID: 1363398412}
  m_RootOrder: 0
--- !u!1 &1216067977
GameObject:
  m_ObjectHideFlags: 0
  m_PrefabParentObject: {fileID: 132446, guid: 0ec3a592220ce4046b4ad98b2a7554b2, type: 2}
  m_PrefabInternal: {fileID: 552313908}
  serializedVersion: 4
  m_Component:
  - 4: {fileID: 1216067978}
  m_Layer: 0
  m_Name: hip_center
  m_TagString: Untagged
  m_Icon: {fileID: 0}
  m_NavMeshLayer: 0
  m_StaticEditorFlags: 0
  m_IsActive: 1
--- !u!4 &1216067978
Transform:
  m_ObjectHideFlags: 0
  m_PrefabParentObject: {fileID: 415318, guid: 0ec3a592220ce4046b4ad98b2a7554b2, type: 2}
  m_PrefabInternal: {fileID: 552313908}
  m_GameObject: {fileID: 1216067977}
  m_LocalRotation: {x: 0, y: 1.3877788e-17, z: -0, w: 1}
  m_LocalPosition: {x: -0, y: 7.888609e-31, z: 0}
  m_LocalScale: {x: 1, y: 1, z: 1}
  m_LocalEulerAnglesHint: {x: 0, y: 0, z: 0}
  m_Children:
  - {fileID: 2023168656}
  m_Father: {fileID: 1089618644}
  m_RootOrder: 0
--- !u!1 &1222843693
GameObject:
  m_ObjectHideFlags: 0
  m_PrefabParentObject: {fileID: 150044, guid: 0ec3a592220ce4046b4ad98b2a7554b2, type: 2}
  m_PrefabInternal: {fileID: 552313908}
  serializedVersion: 4
  m_Component:
  - 4: {fileID: 1222843694}
  m_Layer: 0
  m_Name: left_thigh
  m_TagString: Untagged
  m_Icon: {fileID: 0}
  m_NavMeshLayer: 0
  m_StaticEditorFlags: 0
  m_IsActive: 1
--- !u!4 &1222843694
Transform:
  m_ObjectHideFlags: 0
  m_PrefabParentObject: {fileID: 460934, guid: 0ec3a592220ce4046b4ad98b2a7554b2, type: 2}
  m_PrefabInternal: {fileID: 552313908}
  m_GameObject: {fileID: 1222843693}
  m_LocalRotation: {x: -6.123234e-17, y: 1, z: 6.123234e-17, w: -6.123234e-17}
  m_LocalPosition: {x: 2.228395, y: -1.10748, z: 0}
  m_LocalScale: {x: 1, y: 1, z: 1}
  m_LocalEulerAnglesHint: {x: 0, y: 0, z: 0}
  m_Children:
  - {fileID: 127377732}
  m_Father: {fileID: 444735144}
  m_RootOrder: 0
--- !u!1 &1283205750
GameObject:
  m_ObjectHideFlags: 0
  m_PrefabParentObject: {fileID: 100028, guid: 996f0228d03f2114bb727b5df57dce86, type: 2}
  m_PrefabInternal: {fileID: 984322890}
  serializedVersion: 4
  m_Component:
  - 4: {fileID: 1283205751}
  - 33: {fileID: 1283205754}
  - 135: {fileID: 1283205753}
  - 23: {fileID: 1283205752}
  m_Layer: 0
  m_Name: 11_Elbow_Left
  m_TagString: Untagged
  m_Icon: {fileID: 0}
  m_NavMeshLayer: 0
  m_StaticEditorFlags: 0
  m_IsActive: 1
--- !u!4 &1283205751
Transform:
  m_ObjectHideFlags: 0
  m_PrefabParentObject: {fileID: 400028, guid: 996f0228d03f2114bb727b5df57dce86, type: 2}
  m_PrefabInternal: {fileID: 984322890}
  m_GameObject: {fileID: 1283205750}
  m_LocalRotation: {x: 0, y: 0, z: 0, w: 1}
  m_LocalPosition: {x: 0, y: 0, z: 0}
  m_LocalScale: {x: 0.1, y: 0.1, z: 0.1}
  m_LocalEulerAnglesHint: {x: 0, y: 0, z: 0}
  m_Children: []
  m_Father: {fileID: 846258117}
  m_RootOrder: 5
--- !u!23 &1283205752
MeshRenderer:
  m_ObjectHideFlags: 0
  m_PrefabParentObject: {fileID: 2300028, guid: 996f0228d03f2114bb727b5df57dce86,
    type: 2}
  m_PrefabInternal: {fileID: 984322890}
  m_GameObject: {fileID: 1283205750}
  m_Enabled: 1
  m_CastShadows: 1
  m_ReceiveShadows: 1
  m_MotionVectors: 1
  m_LightProbeUsage: 0
  m_ReflectionProbeUsage: 1
  m_Materials:
  - {fileID: 10302, guid: 0000000000000000f000000000000000, type: 0}
  m_SubsetIndices: 
  m_StaticBatchRoot: {fileID: 0}
  m_ProbeAnchor: {fileID: 0}
  m_LightProbeVolumeOverride: {fileID: 0}
  m_ScaleInLightmap: 1
  m_PreserveUVs: 0
  m_IgnoreNormalsForChartDetection: 0
  m_ImportantGI: 0
  m_SelectedWireframeHidden: 0
  m_MinimumChartSize: 4
  m_AutoUVMaxDistance: 0.5
  m_AutoUVMaxAngle: 89
  m_LightmapParameters: {fileID: 0}
  m_SortingLayerID: 0
  m_SortingOrder: 0
--- !u!135 &1283205753
SphereCollider:
  m_ObjectHideFlags: 0
  m_PrefabParentObject: {fileID: 13500028, guid: 996f0228d03f2114bb727b5df57dce86,
    type: 2}
  m_PrefabInternal: {fileID: 984322890}
  m_GameObject: {fileID: 1283205750}
  m_Material: {fileID: 0}
  m_IsTrigger: 0
  m_Enabled: 1
  serializedVersion: 2
  m_Radius: 0.5000001
  m_Center: {x: 0.000000059604645, y: 0, z: -0.00000008940697}
--- !u!33 &1283205754
MeshFilter:
  m_ObjectHideFlags: 0
  m_PrefabParentObject: {fileID: 3300028, guid: 996f0228d03f2114bb727b5df57dce86,
    type: 2}
  m_PrefabInternal: {fileID: 984322890}
  m_GameObject: {fileID: 1283205750}
  m_Mesh: {fileID: 10207, guid: 0000000000000000e000000000000000, type: 0}
--- !u!1 &1310249782
GameObject:
  m_ObjectHideFlags: 0
  m_PrefabParentObject: {fileID: 112948, guid: 0ec3a592220ce4046b4ad98b2a7554b2, type: 2}
  m_PrefabInternal: {fileID: 552313908}
  serializedVersion: 4
  m_Component:
  - 4: {fileID: 1310249783}
  m_Layer: 0
  m_Name: left_shoulder
  m_TagString: Untagged
  m_Icon: {fileID: 0}
  m_NavMeshLayer: 0
  m_StaticEditorFlags: 0
  m_IsActive: 1
--- !u!4 &1310249783
Transform:
  m_ObjectHideFlags: 0
  m_PrefabParentObject: {fileID: 447086, guid: 0ec3a592220ce4046b4ad98b2a7554b2, type: 2}
  m_PrefabInternal: {fileID: 552313908}
  m_GameObject: {fileID: 1310249782}
  m_LocalRotation: {x: 0, y: 0, z: 0, w: 1}
  m_LocalPosition: {x: -1.3185452, y: -1.7214508e-15, z: -0.534627}
  m_LocalScale: {x: 1, y: 1, z: 1}
  m_LocalEulerAnglesHint: {x: 0, y: 0, z: 0}
  m_Children:
  - {fileID: 1323286645}
  m_Father: {fileID: 463205824}
  m_RootOrder: 0
--- !u!1 &1323286644
GameObject:
  m_ObjectHideFlags: 0
  m_PrefabParentObject: {fileID: 115620, guid: 0ec3a592220ce4046b4ad98b2a7554b2, type: 2}
  m_PrefabInternal: {fileID: 552313908}
  serializedVersion: 4
  m_Component:
  - 4: {fileID: 1323286645}
  m_Layer: 0
  m_Name: left_elbow
  m_TagString: Untagged
  m_Icon: {fileID: 0}
  m_NavMeshLayer: 0
  m_StaticEditorFlags: 0
  m_IsActive: 1
--- !u!4 &1323286645
Transform:
  m_ObjectHideFlags: 0
  m_PrefabParentObject: {fileID: 459152, guid: 0ec3a592220ce4046b4ad98b2a7554b2, type: 2}
  m_PrefabInternal: {fileID: 552313908}
  m_GameObject: {fileID: 1323286644}
  m_LocalRotation: {x: -3.3069506e-17, y: 6.8029875e-17, z: 3.1556744e-16, w: 1}
  m_LocalPosition: {x: -4.236452, y: 0.31180117, z: -0.51117176}
  m_LocalScale: {x: 1, y: 1, z: 1}
  m_LocalEulerAnglesHint: {x: 0, y: 0, z: 0}
  m_Children:
  - {fileID: 1810961361}
  m_Father: {fileID: 1310249783}
  m_RootOrder: 0
--- !u!1 &1363398411
GameObject:
  m_ObjectHideFlags: 0
  m_PrefabParentObject: {fileID: 179700, guid: 0ec3a592220ce4046b4ad98b2a7554b2, type: 2}
  m_PrefabInternal: {fileID: 552313908}
  serializedVersion: 4
  m_Component:
  - 4: {fileID: 1363398412}
  m_Layer: 0
  m_Name: right_hip
  m_TagString: Untagged
  m_Icon: {fileID: 0}
  m_NavMeshLayer: 0
  m_StaticEditorFlags: 0
  m_IsActive: 1
--- !u!4 &1363398412
Transform:
  m_ObjectHideFlags: 0
  m_PrefabParentObject: {fileID: 431282, guid: 0ec3a592220ce4046b4ad98b2a7554b2, type: 2}
  m_PrefabInternal: {fileID: 552313908}
  m_GameObject: {fileID: 1363398411}
  m_LocalRotation: {x: 0, y: 0.023645014, z: -0, w: 0.99972045}
  m_LocalPosition: {x: -0, y: 7.888609e-31, z: 0}
  m_LocalScale: {x: 1, y: 1, z: 1}
  m_LocalEulerAnglesHint: {x: 0, y: 0, z: 0}
  m_Children:
  - {fileID: 1186232264}
  m_Father: {fileID: 1089618644}
  m_RootOrder: 2
--- !u!1 &1406448502
GameObject:
  m_ObjectHideFlags: 0
  m_PrefabParentObject: {fileID: 100012, guid: 996f0228d03f2114bb727b5df57dce86, type: 2}
  m_PrefabInternal: {fileID: 984322890}
  serializedVersion: 4
  m_Component:
  - 4: {fileID: 1406448503}
  - 33: {fileID: 1406448506}
  - 135: {fileID: 1406448505}
  - 23: {fileID: 1406448504}
  m_Layer: 0
  m_Name: 31_Knee_Left
  m_TagString: Untagged
  m_Icon: {fileID: 0}
  m_NavMeshLayer: 0
  m_StaticEditorFlags: 0
  m_IsActive: 1
--- !u!4 &1406448503
Transform:
  m_ObjectHideFlags: 0
  m_PrefabParentObject: {fileID: 400012, guid: 996f0228d03f2114bb727b5df57dce86, type: 2}
  m_PrefabInternal: {fileID: 984322890}
  m_GameObject: {fileID: 1406448502}
  m_LocalRotation: {x: 0, y: 0, z: 0, w: 1}
  m_LocalPosition: {x: 0, y: 0, z: 0}
  m_LocalScale: {x: 0.1, y: 0.1, z: 0.1}
  m_LocalEulerAnglesHint: {x: 0, y: 0, z: 0}
  m_Children: []
  m_Father: {fileID: 846258117}
  m_RootOrder: 14
--- !u!23 &1406448504
MeshRenderer:
  m_ObjectHideFlags: 0
  m_PrefabParentObject: {fileID: 2300012, guid: 996f0228d03f2114bb727b5df57dce86,
    type: 2}
  m_PrefabInternal: {fileID: 984322890}
  m_GameObject: {fileID: 1406448502}
  m_Enabled: 1
  m_CastShadows: 1
  m_ReceiveShadows: 1
  m_MotionVectors: 1
  m_LightProbeUsage: 0
  m_ReflectionProbeUsage: 1
  m_Materials:
  - {fileID: 10302, guid: 0000000000000000f000000000000000, type: 0}
  m_SubsetIndices: 
  m_StaticBatchRoot: {fileID: 0}
  m_ProbeAnchor: {fileID: 0}
  m_LightProbeVolumeOverride: {fileID: 0}
  m_ScaleInLightmap: 1
  m_PreserveUVs: 0
  m_IgnoreNormalsForChartDetection: 0
  m_ImportantGI: 0
  m_SelectedWireframeHidden: 0
  m_MinimumChartSize: 4
  m_AutoUVMaxDistance: 0.5
  m_AutoUVMaxAngle: 89
  m_LightmapParameters: {fileID: 0}
  m_SortingLayerID: 0
  m_SortingOrder: 0
--- !u!135 &1406448505
SphereCollider:
  m_ObjectHideFlags: 0
  m_PrefabParentObject: {fileID: 13500012, guid: 996f0228d03f2114bb727b5df57dce86,
    type: 2}
  m_PrefabInternal: {fileID: 984322890}
  m_GameObject: {fileID: 1406448502}
  m_Material: {fileID: 0}
  m_IsTrigger: 0
  m_Enabled: 1
  serializedVersion: 2
  m_Radius: 0.5000001
  m_Center: {x: 0.000000059604645, y: 0, z: -0.00000008940697}
--- !u!33 &1406448506
MeshFilter:
  m_ObjectHideFlags: 0
  m_PrefabParentObject: {fileID: 3300012, guid: 996f0228d03f2114bb727b5df57dce86,
    type: 2}
  m_PrefabInternal: {fileID: 984322890}
  m_GameObject: {fileID: 1406448502}
  m_Mesh: {fileID: 10207, guid: 0000000000000000e000000000000000, type: 0}
--- !u!1 &1441146317
GameObject:
  m_ObjectHideFlags: 0
  m_PrefabParentObject: {fileID: 172870, guid: 0ec3a592220ce4046b4ad98b2a7554b2, type: 2}
  m_PrefabInternal: {fileID: 552313908}
  serializedVersion: 4
  m_Component:
  - 4: {fileID: 1441146318}
  m_Layer: 0
  m_Name: right_wrist
  m_TagString: Untagged
  m_Icon: {fileID: 0}
  m_NavMeshLayer: 0
  m_StaticEditorFlags: 0
  m_IsActive: 1
--- !u!4 &1441146318
Transform:
  m_ObjectHideFlags: 0
  m_PrefabParentObject: {fileID: 456784, guid: 0ec3a592220ce4046b4ad98b2a7554b2, type: 2}
  m_PrefabInternal: {fileID: 552313908}
  m_GameObject: {fileID: 1441146317}
  m_LocalRotation: {x: 0, y: 0, z: 0, w: 1}
  m_LocalPosition: {x: 3.92564, y: 0.311801, z: 0.3441}
  m_LocalScale: {x: 1, y: 1, z: 1}
  m_LocalEulerAnglesHint: {x: 0, y: 0, z: 0}
  m_Children:
  - {fileID: 87841331}
  m_Father: {fileID: 1604022001}
  m_RootOrder: 0
--- !u!1 &1442144151
GameObject:
  m_ObjectHideFlags: 0
  m_PrefabParentObject: {fileID: 0}
  m_PrefabInternal: {fileID: 0}
  serializedVersion: 4
  m_Component:
  - 4: {fileID: 1442144155}
  - 33: {fileID: 1442144154}
  - 64: {fileID: 1442144153}
  - 23: {fileID: 1442144152}
  - 114: {fileID: 1442144156}
  m_Layer: 0
  m_Name: DepthImagePlane
  m_TagString: Untagged
  m_Icon: {fileID: 0}
  m_NavMeshLayer: 0
  m_StaticEditorFlags: 0
  m_IsActive: 1
--- !u!23 &1442144152
MeshRenderer:
  m_ObjectHideFlags: 0
  m_PrefabParentObject: {fileID: 0}
  m_PrefabInternal: {fileID: 0}
  m_GameObject: {fileID: 1442144151}
  m_Enabled: 1
  m_CastShadows: 1
  m_ReceiveShadows: 1
  m_MotionVectors: 1
  m_LightProbeUsage: 0
  m_ReflectionProbeUsage: 1
  m_Materials:
  - {fileID: 10302, guid: 0000000000000000f000000000000000, type: 0}
  m_SubsetIndices: 
  m_StaticBatchRoot: {fileID: 0}
  m_ProbeAnchor: {fileID: 0}
  m_LightProbeVolumeOverride: {fileID: 0}
  m_ScaleInLightmap: 1
  m_PreserveUVs: 0
  m_IgnoreNormalsForChartDetection: 0
  m_ImportantGI: 0
  m_SelectedWireframeHidden: 0
  m_MinimumChartSize: 4
  m_AutoUVMaxDistance: 0.5
  m_AutoUVMaxAngle: 89
  m_LightmapParameters: {fileID: 0}
  m_SortingLayerID: 0
  m_SortingOrder: 0
--- !u!64 &1442144153
MeshCollider:
  m_ObjectHideFlags: 0
  m_PrefabParentObject: {fileID: 0}
  m_PrefabInternal: {fileID: 0}
  m_GameObject: {fileID: 1442144151}
  m_Material: {fileID: 0}
  m_IsTrigger: 0
  m_Enabled: 1
  serializedVersion: 2
  m_Convex: 0
  m_Mesh: {fileID: 10209, guid: 0000000000000000e000000000000000, type: 0}
--- !u!33 &1442144154
MeshFilter:
  m_ObjectHideFlags: 0
  m_PrefabParentObject: {fileID: 0}
  m_PrefabInternal: {fileID: 0}
  m_GameObject: {fileID: 1442144151}
  m_Mesh: {fileID: 10209, guid: 0000000000000000e000000000000000, type: 0}
--- !u!4 &1442144155
Transform:
  m_ObjectHideFlags: 0
  m_PrefabParentObject: {fileID: 0}
  m_PrefabInternal: {fileID: 0}
  m_GameObject: {fileID: 1442144151}
  m_LocalRotation: {x: -0.7071068, y: 0, z: 0, w: 0.7071068}
  m_LocalPosition: {x: 20, y: 6.2105722, z: 30}
  m_LocalScale: {x: 1.3845272, y: 1, z: 1}
  m_LocalEulerAnglesHint: {x: 0, y: 0, z: 0}
  m_Children: []
  m_Father: {fileID: 0}
  m_RootOrder: 0
--- !u!114 &1442144156
MonoBehaviour:
  m_ObjectHideFlags: 0
  m_PrefabParentObject: {fileID: 0}
  m_PrefabInternal: {fileID: 0}
  m_GameObject: {fileID: 1442144151}
  m_Enabled: 1
  m_EditorHideFlags: 0
  m_Script: {fileID: 11500000, guid: a1702090c5d6be349a229cdf8b9d9512, type: 3}
  m_Name: 
  m_EditorClassIdentifier: 
  dw: {fileID: 155010548}
--- !u!1 &1518804436
GameObject:
  m_ObjectHideFlags: 0
  m_PrefabParentObject: {fileID: 100024, guid: 996f0228d03f2114bb727b5df57dce86, type: 2}
  m_PrefabInternal: {fileID: 984322890}
  serializedVersion: 4
  m_Component:
  - 4: {fileID: 1518804437}
  - 33: {fileID: 1518804440}
  - 135: {fileID: 1518804439}
  - 23: {fileID: 1518804438}
  m_Layer: 0
  m_Name: 13_Hand_Left
  m_TagString: Untagged
  m_Icon: {fileID: 0}
  m_NavMeshLayer: 0
  m_StaticEditorFlags: 0
  m_IsActive: 1
--- !u!4 &1518804437
Transform:
  m_ObjectHideFlags: 0
  m_PrefabParentObject: {fileID: 400024, guid: 996f0228d03f2114bb727b5df57dce86, type: 2}
  m_PrefabInternal: {fileID: 984322890}
  m_GameObject: {fileID: 1518804436}
  m_LocalRotation: {x: 0, y: 0, z: 0, w: 1}
  m_LocalPosition: {x: 0, y: 0, z: 0}
  m_LocalScale: {x: 0.1, y: 0.1, z: 0.1}
  m_LocalEulerAnglesHint: {x: 0, y: 0, z: 0}
  m_Children: []
  m_Father: {fileID: 846258117}
  m_RootOrder: 9
--- !u!23 &1518804438
MeshRenderer:
  m_ObjectHideFlags: 0
  m_PrefabParentObject: {fileID: 2300024, guid: 996f0228d03f2114bb727b5df57dce86,
    type: 2}
  m_PrefabInternal: {fileID: 984322890}
  m_GameObject: {fileID: 1518804436}
  m_Enabled: 1
  m_CastShadows: 1
  m_ReceiveShadows: 1
  m_MotionVectors: 1
  m_LightProbeUsage: 0
  m_ReflectionProbeUsage: 1
  m_Materials:
  - {fileID: 10302, guid: 0000000000000000f000000000000000, type: 0}
  m_SubsetIndices: 
  m_StaticBatchRoot: {fileID: 0}
  m_ProbeAnchor: {fileID: 0}
  m_LightProbeVolumeOverride: {fileID: 0}
  m_ScaleInLightmap: 1
  m_PreserveUVs: 0
  m_IgnoreNormalsForChartDetection: 0
  m_ImportantGI: 0
  m_SelectedWireframeHidden: 0
  m_MinimumChartSize: 4
  m_AutoUVMaxDistance: 0.5
  m_AutoUVMaxAngle: 89
  m_LightmapParameters: {fileID: 0}
  m_SortingLayerID: 0
  m_SortingOrder: 0
--- !u!135 &1518804439
SphereCollider:
  m_ObjectHideFlags: 0
  m_PrefabParentObject: {fileID: 13500024, guid: 996f0228d03f2114bb727b5df57dce86,
    type: 2}
  m_PrefabInternal: {fileID: 984322890}
  m_GameObject: {fileID: 1518804436}
  m_Material: {fileID: 0}
  m_IsTrigger: 0
  m_Enabled: 1
  serializedVersion: 2
  m_Radius: 0.5000001
  m_Center: {x: 0.000000059604645, y: 0, z: -0.00000008940697}
--- !u!33 &1518804440
MeshFilter:
  m_ObjectHideFlags: 0
  m_PrefabParentObject: {fileID: 3300024, guid: 996f0228d03f2114bb727b5df57dce86,
    type: 2}
  m_PrefabInternal: {fileID: 984322890}
  m_GameObject: {fileID: 1518804436}
  m_Mesh: {fileID: 10207, guid: 0000000000000000e000000000000000, type: 0}
--- !u!1 &1546102276
GameObject:
  m_ObjectHideFlags: 0
  m_PrefabParentObject: {fileID: 173818, guid: 0ec3a592220ce4046b4ad98b2a7554b2, type: 2}
  m_PrefabInternal: {fileID: 552313908}
  serializedVersion: 4
  m_Component:
  - 4: {fileID: 1546102277}
  m_Layer: 0
  m_Name: right_collar
  m_TagString: Untagged
  m_Icon: {fileID: 0}
  m_NavMeshLayer: 0
  m_StaticEditorFlags: 0
  m_IsActive: 1
--- !u!4 &1546102277
Transform:
  m_ObjectHideFlags: 0
  m_PrefabParentObject: {fileID: 497324, guid: 0ec3a592220ce4046b4ad98b2a7554b2, type: 2}
  m_PrefabInternal: {fileID: 552313908}
  m_GameObject: {fileID: 1546102276}
  m_LocalRotation: {x: 0.5, y: 0.5, z: 0.5, w: 0.5}
  m_LocalPosition: {x: -4.074, y: 0.709061, z: -0.0011018036}
  m_LocalScale: {x: 1, y: 1, z: 1}
  m_LocalEulerAnglesHint: {x: 0, y: 0, z: 0}
  m_Children:
  - {fileID: 992839322}
  m_Father: {fileID: 2023168656}
  m_RootOrder: 2
--- !u!1 &1563834394
GameObject:
  m_ObjectHideFlags: 0
  m_PrefabParentObject: {fileID: 100026, guid: 996f0228d03f2114bb727b5df57dce86, type: 2}
  m_PrefabInternal: {fileID: 984322890}
  serializedVersion: 4
  m_Component:
  - 4: {fileID: 1563834395}
  - 33: {fileID: 1563834398}
  - 135: {fileID: 1563834397}
  - 23: {fileID: 1563834396}
  m_Layer: 0
  m_Name: 12_Wrist_Left
  m_TagString: Untagged
  m_Icon: {fileID: 0}
  m_NavMeshLayer: 0
  m_StaticEditorFlags: 0
  m_IsActive: 1
--- !u!4 &1563834395
Transform:
  m_ObjectHideFlags: 0
  m_PrefabParentObject: {fileID: 400026, guid: 996f0228d03f2114bb727b5df57dce86, type: 2}
  m_PrefabInternal: {fileID: 984322890}
  m_GameObject: {fileID: 1563834394}
  m_LocalRotation: {x: 0, y: 0, z: 0, w: 1}
  m_LocalPosition: {x: 0, y: 0, z: 0}
  m_LocalScale: {x: 0.1, y: 0.1, z: 0.1}
  m_LocalEulerAnglesHint: {x: 0, y: 0, z: 0}
  m_Children: []
  m_Father: {fileID: 846258117}
  m_RootOrder: 7
--- !u!23 &1563834396
MeshRenderer:
  m_ObjectHideFlags: 0
  m_PrefabParentObject: {fileID: 2300026, guid: 996f0228d03f2114bb727b5df57dce86,
    type: 2}
  m_PrefabInternal: {fileID: 984322890}
  m_GameObject: {fileID: 1563834394}
  m_Enabled: 1
  m_CastShadows: 1
  m_ReceiveShadows: 1
  m_MotionVectors: 1
  m_LightProbeUsage: 0
  m_ReflectionProbeUsage: 1
  m_Materials:
  - {fileID: 10302, guid: 0000000000000000f000000000000000, type: 0}
  m_SubsetIndices: 
  m_StaticBatchRoot: {fileID: 0}
  m_ProbeAnchor: {fileID: 0}
  m_LightProbeVolumeOverride: {fileID: 0}
  m_ScaleInLightmap: 1
  m_PreserveUVs: 0
  m_IgnoreNormalsForChartDetection: 0
  m_ImportantGI: 0
  m_SelectedWireframeHidden: 0
  m_MinimumChartSize: 4
  m_AutoUVMaxDistance: 0.5
  m_AutoUVMaxAngle: 89
  m_LightmapParameters: {fileID: 0}
  m_SortingLayerID: 0
  m_SortingOrder: 0
--- !u!135 &1563834397
SphereCollider:
  m_ObjectHideFlags: 0
  m_PrefabParentObject: {fileID: 13500026, guid: 996f0228d03f2114bb727b5df57dce86,
    type: 2}
  m_PrefabInternal: {fileID: 984322890}
  m_GameObject: {fileID: 1563834394}
  m_Material: {fileID: 0}
  m_IsTrigger: 0
  m_Enabled: 1
  serializedVersion: 2
  m_Radius: 0.5000001
  m_Center: {x: 0.000000059604645, y: 0, z: -0.00000008940697}
--- !u!33 &1563834398
MeshFilter:
  m_ObjectHideFlags: 0
  m_PrefabParentObject: {fileID: 3300026, guid: 996f0228d03f2114bb727b5df57dce86,
    type: 2}
  m_PrefabInternal: {fileID: 984322890}
  m_GameObject: {fileID: 1563834394}
  m_Mesh: {fileID: 10207, guid: 0000000000000000e000000000000000, type: 0}
--- !u!1 &1604022000
GameObject:
  m_ObjectHideFlags: 0
  m_PrefabParentObject: {fileID: 183152, guid: 0ec3a592220ce4046b4ad98b2a7554b2, type: 2}
  m_PrefabInternal: {fileID: 552313908}
  serializedVersion: 4
  m_Component:
  - 4: {fileID: 1604022001}
  m_Layer: 0
  m_Name: right_elbow
  m_TagString: Untagged
  m_Icon: {fileID: 0}
  m_NavMeshLayer: 0
  m_StaticEditorFlags: 0
  m_IsActive: 1
--- !u!4 &1604022001
Transform:
  m_ObjectHideFlags: 0
  m_PrefabParentObject: {fileID: 410690, guid: 0ec3a592220ce4046b4ad98b2a7554b2, type: 2}
  m_PrefabInternal: {fileID: 552313908}
  m_GameObject: {fileID: 1604022000}
  m_LocalRotation: {x: 0, y: 0, z: 0, w: 1}
  m_LocalPosition: {x: 4.23645, y: -0.311801, z: 0.5112}
  m_LocalScale: {x: 1, y: 1, z: 1}
  m_LocalEulerAnglesHint: {x: 0, y: 0, z: 0}
  m_Children:
  - {fileID: 1441146318}
  m_Father: {fileID: 992839322}
  m_RootOrder: 0
--- !u!1 &1629639175
GameObject:
  m_ObjectHideFlags: 0
  m_PrefabParentObject: {fileID: 100020, guid: 996f0228d03f2114bb727b5df57dce86, type: 2}
  m_PrefabInternal: {fileID: 984322890}
  serializedVersion: 4
  m_Component:
  - 4: {fileID: 1629639176}
  - 33: {fileID: 1629639179}
  - 135: {fileID: 1629639178}
  - 23: {fileID: 1629639177}
  m_Layer: 0
  m_Name: 23_Hand_Right
  m_TagString: Untagged
  m_Icon: {fileID: 0}
  m_NavMeshLayer: 0
  m_StaticEditorFlags: 0
  m_IsActive: 1
--- !u!4 &1629639176
Transform:
  m_ObjectHideFlags: 0
  m_PrefabParentObject: {fileID: 400020, guid: 996f0228d03f2114bb727b5df57dce86, type: 2}
  m_PrefabInternal: {fileID: 984322890}
  m_GameObject: {fileID: 1629639175}
  m_LocalRotation: {x: 0, y: 0, z: 0, w: 1}
  m_LocalPosition: {x: 0, y: 0, z: 0}
  m_LocalScale: {x: 0.1, y: 0.1, z: 0.1}
  m_LocalEulerAnglesHint: {x: 0, y: 0, z: 0}
  m_Children: []
  m_Father: {fileID: 846258117}
  m_RootOrder: 10
--- !u!23 &1629639177
MeshRenderer:
  m_ObjectHideFlags: 0
  m_PrefabParentObject: {fileID: 2300020, guid: 996f0228d03f2114bb727b5df57dce86,
    type: 2}
  m_PrefabInternal: {fileID: 984322890}
  m_GameObject: {fileID: 1629639175}
  m_Enabled: 1
  m_CastShadows: 1
  m_ReceiveShadows: 1
  m_MotionVectors: 1
  m_LightProbeUsage: 0
  m_ReflectionProbeUsage: 1
  m_Materials:
  - {fileID: 10302, guid: 0000000000000000f000000000000000, type: 0}
  m_SubsetIndices: 
  m_StaticBatchRoot: {fileID: 0}
  m_ProbeAnchor: {fileID: 0}
  m_LightProbeVolumeOverride: {fileID: 0}
  m_ScaleInLightmap: 1
  m_PreserveUVs: 0
  m_IgnoreNormalsForChartDetection: 0
  m_ImportantGI: 0
  m_SelectedWireframeHidden: 0
  m_MinimumChartSize: 4
  m_AutoUVMaxDistance: 0.5
  m_AutoUVMaxAngle: 89
  m_LightmapParameters: {fileID: 0}
  m_SortingLayerID: 0
  m_SortingOrder: 0
--- !u!135 &1629639178
SphereCollider:
  m_ObjectHideFlags: 0
  m_PrefabParentObject: {fileID: 13500020, guid: 996f0228d03f2114bb727b5df57dce86,
    type: 2}
  m_PrefabInternal: {fileID: 984322890}
  m_GameObject: {fileID: 1629639175}
  m_Material: {fileID: 0}
  m_IsTrigger: 0
  m_Enabled: 1
  serializedVersion: 2
  m_Radius: 0.5000001
  m_Center: {x: 0.000000059604645, y: 0, z: -0.00000008940697}
--- !u!33 &1629639179
MeshFilter:
  m_ObjectHideFlags: 0
  m_PrefabParentObject: {fileID: 3300020, guid: 996f0228d03f2114bb727b5df57dce86,
    type: 2}
  m_PrefabInternal: {fileID: 984322890}
  m_GameObject: {fileID: 1629639175}
  m_Mesh: {fileID: 10207, guid: 0000000000000000e000000000000000, type: 0}
--- !u!1 &1641963490
GameObject:
  m_ObjectHideFlags: 0
  m_PrefabParentObject: {fileID: 0}
  m_PrefabInternal: {fileID: 0}
  serializedVersion: 4
  m_Component:
  - 4: {fileID: 1641963495}
  - 20: {fileID: 1641963494}
  - 92: {fileID: 1641963493}
  - 124: {fileID: 1641963492}
  - 81: {fileID: 1641963491}
  m_Layer: 0
  m_Name: Main Camera
  m_TagString: MainCamera
  m_Icon: {fileID: 0}
  m_NavMeshLayer: 0
  m_StaticEditorFlags: 0
  m_IsActive: 1
--- !u!81 &1641963491
AudioListener:
  m_ObjectHideFlags: 0
  m_PrefabParentObject: {fileID: 0}
  m_PrefabInternal: {fileID: 0}
  m_GameObject: {fileID: 1641963490}
  m_Enabled: 1
--- !u!124 &1641963492
Behaviour:
  m_ObjectHideFlags: 0
  m_PrefabParentObject: {fileID: 0}
  m_PrefabInternal: {fileID: 0}
  m_GameObject: {fileID: 1641963490}
  m_Enabled: 1
--- !u!92 &1641963493
Behaviour:
  m_ObjectHideFlags: 0
  m_PrefabParentObject: {fileID: 0}
  m_PrefabInternal: {fileID: 0}
  m_GameObject: {fileID: 1641963490}
  m_Enabled: 1
--- !u!20 &1641963494
Camera:
  m_ObjectHideFlags: 0
  m_PrefabParentObject: {fileID: 0}
  m_PrefabInternal: {fileID: 0}
  m_GameObject: {fileID: 1641963490}
  m_Enabled: 1
  serializedVersion: 2
  m_ClearFlags: 1
  m_BackGroundColor: {r: 0.19215687, g: 0.3019608, b: 0.4745098, a: 0.019607844}
  m_NormalizedViewPortRect:
    serializedVersion: 2
    x: 0
    y: 0
    width: 1
    height: 1
  near clip plane: 0.3
  far clip plane: 1000
  field of view: 60
  orthographic: 0
  orthographic size: 100
  m_Depth: -1
  m_CullingMask:
    serializedVersion: 2
    m_Bits: 4294967295
  m_RenderingPath: -1
  m_TargetTexture: {fileID: 0}
  m_TargetDisplay: 0
  m_TargetEye: 3
  m_HDR: 0
  m_OcclusionCulling: 1
  m_StereoConvergence: 10
  m_StereoSeparation: 0.022
  m_StereoMirrorMode: 0
--- !u!4 &1641963495
Transform:
  m_ObjectHideFlags: 0
  m_PrefabParentObject: {fileID: 0}
  m_PrefabInternal: {fileID: 0}
  m_GameObject: {fileID: 1641963490}
  m_LocalRotation: {x: 0, y: 0, z: 0, w: 1}
  m_LocalPosition: {x: 0, y: 0, z: -10}
  m_LocalScale: {x: 1, y: 1, z: 1}
  m_LocalEulerAnglesHint: {x: 0, y: 0, z: 0}
  m_Children: []
  m_Father: {fileID: 0}
  m_RootOrder: 1
--- !u!1 &1660483732
GameObject:
  m_ObjectHideFlags: 0
  m_PrefabParentObject: {fileID: 153746, guid: 0ec3a592220ce4046b4ad98b2a7554b2, type: 2}
  m_PrefabInternal: {fileID: 552313908}
  serializedVersion: 4
  m_Component:
  - 4: {fileID: 1660483733}
  m_Layer: 0
  m_Name: left_ankle
  m_TagString: Untagged
  m_Icon: {fileID: 0}
  m_NavMeshLayer: 0
  m_StaticEditorFlags: 0
  m_IsActive: 1
--- !u!4 &1660483733
Transform:
  m_ObjectHideFlags: 0
  m_PrefabParentObject: {fileID: 430234, guid: 0ec3a592220ce4046b4ad98b2a7554b2, type: 2}
  m_PrefabInternal: {fileID: 552313908}
  m_GameObject: {fileID: 1660483732}
  m_LocalRotation: {x: 0, y: 0, z: 0, w: 1}
  m_LocalPosition: {x: -6.6191144, y: -0.13435003, z: 1.0608045}
  m_LocalScale: {x: 1, y: 1, z: 1}
  m_LocalEulerAnglesHint: {x: 0, y: 0, z: 0}
  m_Children:
  - {fileID: 3821888}
  m_Father: {fileID: 127377732}
  m_RootOrder: 0
--- !u!1 &1750369807
GameObject:
  m_ObjectHideFlags: 0
  m_PrefabParentObject: {fileID: 100030, guid: 996f0228d03f2114bb727b5df57dce86, type: 2}
  m_PrefabInternal: {fileID: 984322890}
  serializedVersion: 4
  m_Component:
  - 4: {fileID: 1750369808}
  - 33: {fileID: 1750369811}
  - 135: {fileID: 1750369810}
  - 23: {fileID: 1750369809}
  m_Layer: 0
  m_Name: 10_Shoulder_Left
  m_TagString: Untagged
  m_Icon: {fileID: 0}
  m_NavMeshLayer: 0
  m_StaticEditorFlags: 0
  m_IsActive: 1
--- !u!4 &1750369808
Transform:
  m_ObjectHideFlags: 0
  m_PrefabParentObject: {fileID: 400030, guid: 996f0228d03f2114bb727b5df57dce86, type: 2}
  m_PrefabInternal: {fileID: 984322890}
  m_GameObject: {fileID: 1750369807}
  m_LocalRotation: {x: 0, y: 0, z: 0, w: 1}
  m_LocalPosition: {x: 0, y: 0, z: 0}
  m_LocalScale: {x: 0.1, y: 0.1, z: 0.1}
  m_LocalEulerAnglesHint: {x: 0, y: 0, z: 0}
  m_Children: []
  m_Father: {fileID: 846258117}
  m_RootOrder: 4
--- !u!23 &1750369809
MeshRenderer:
  m_ObjectHideFlags: 0
  m_PrefabParentObject: {fileID: 2300030, guid: 996f0228d03f2114bb727b5df57dce86,
    type: 2}
  m_PrefabInternal: {fileID: 984322890}
  m_GameObject: {fileID: 1750369807}
  m_Enabled: 1
  m_CastShadows: 1
  m_ReceiveShadows: 1
  m_MotionVectors: 1
  m_LightProbeUsage: 0
  m_ReflectionProbeUsage: 1
  m_Materials:
  - {fileID: 10302, guid: 0000000000000000f000000000000000, type: 0}
  m_SubsetIndices: 
  m_StaticBatchRoot: {fileID: 0}
  m_ProbeAnchor: {fileID: 0}
  m_LightProbeVolumeOverride: {fileID: 0}
  m_ScaleInLightmap: 1
  m_PreserveUVs: 0
  m_IgnoreNormalsForChartDetection: 0
  m_ImportantGI: 0
  m_SelectedWireframeHidden: 0
  m_MinimumChartSize: 4
  m_AutoUVMaxDistance: 0.5
  m_AutoUVMaxAngle: 89
  m_LightmapParameters: {fileID: 0}
  m_SortingLayerID: 0
  m_SortingOrder: 0
--- !u!135 &1750369810
SphereCollider:
  m_ObjectHideFlags: 0
  m_PrefabParentObject: {fileID: 13500030, guid: 996f0228d03f2114bb727b5df57dce86,
    type: 2}
  m_PrefabInternal: {fileID: 984322890}
  m_GameObject: {fileID: 1750369807}
  m_Material: {fileID: 0}
  m_IsTrigger: 0
  m_Enabled: 1
  serializedVersion: 2
  m_Radius: 0.5000001
  m_Center: {x: 0.000000059604645, y: 0, z: -0.00000008940697}
--- !u!33 &1750369811
MeshFilter:
  m_ObjectHideFlags: 0
  m_PrefabParentObject: {fileID: 3300030, guid: 996f0228d03f2114bb727b5df57dce86,
    type: 2}
  m_PrefabInternal: {fileID: 984322890}
  m_GameObject: {fileID: 1750369807}
  m_Mesh: {fileID: 10207, guid: 0000000000000000e000000000000000, type: 0}
--- !u!1 &1806527828
GameObject:
  m_ObjectHideFlags: 0
  m_PrefabParentObject: {fileID: 147824, guid: 0ec3a592220ce4046b4ad98b2a7554b2, type: 2}
  m_PrefabInternal: {fileID: 552313908}
  serializedVersion: 4
  m_Component:
  - 4: {fileID: 1806527829}
  m_Layer: 0
  m_Name: left_fingers
  m_TagString: Untagged
  m_Icon: {fileID: 0}
  m_NavMeshLayer: 0
  m_StaticEditorFlags: 0
  m_IsActive: 1
--- !u!4 &1806527829
Transform:
  m_ObjectHideFlags: 0
  m_PrefabParentObject: {fileID: 421042, guid: 0ec3a592220ce4046b4ad98b2a7554b2, type: 2}
  m_PrefabInternal: {fileID: 552313908}
  m_GameObject: {fileID: 1806527828}
  m_LocalRotation: {x: 0.5, y: 0.5, z: -0.5, w: 0.5}
  m_LocalPosition: {x: -1.3145523, y: -7.180658e-17, z: 0.040489987}
  m_LocalScale: {x: 1, y: 1, z: 1}
  m_LocalEulerAnglesHint: {x: 0, y: 0, z: 0}
  m_Children: []
  m_Father: {fileID: 173797796}
  m_RootOrder: 0
--- !u!1 &1810961360
GameObject:
  m_ObjectHideFlags: 0
  m_PrefabParentObject: {fileID: 143352, guid: 0ec3a592220ce4046b4ad98b2a7554b2, type: 2}
  m_PrefabInternal: {fileID: 552313908}
  serializedVersion: 4
  m_Component:
  - 4: {fileID: 1810961361}
  m_Layer: 0
  m_Name: left_wrist
  m_TagString: Untagged
  m_Icon: {fileID: 0}
  m_NavMeshLayer: 0
  m_StaticEditorFlags: 0
  m_IsActive: 1
--- !u!4 &1810961361
Transform:
  m_ObjectHideFlags: 0
  m_PrefabParentObject: {fileID: 492170, guid: 0ec3a592220ce4046b4ad98b2a7554b2, type: 2}
  m_PrefabInternal: {fileID: 552313908}
  m_GameObject: {fileID: 1810961360}
  m_LocalRotation: {x: 0, y: 0, z: 0, w: 1}
  m_LocalPosition: {x: -3.9256418, y: -0.31180117, z: -0.34416488}
  m_LocalScale: {x: 1, y: 1, z: 1}
  m_LocalEulerAnglesHint: {x: 0, y: 0, z: 0}
  m_Children:
  - {fileID: 173797796}
  m_Father: {fileID: 1323286645}
  m_RootOrder: 0
--- !u!1 &1952245105
GameObject:
  m_ObjectHideFlags: 0
  m_PrefabParentObject: {fileID: 100038, guid: 996f0228d03f2114bb727b5df57dce86, type: 2}
  m_PrefabInternal: {fileID: 984322890}
  serializedVersion: 4
  m_Component:
  - 4: {fileID: 1952245106}
  - 33: {fileID: 1952245109}
  - 135: {fileID: 1952245108}
  - 23: {fileID: 1952245107}
  m_Layer: 0
  m_Name: 00_Hip_Center
  m_TagString: Untagged
  m_Icon: {fileID: 0}
  m_NavMeshLayer: 0
  m_StaticEditorFlags: 0
  m_IsActive: 1
--- !u!4 &1952245106
Transform:
  m_ObjectHideFlags: 0
  m_PrefabParentObject: {fileID: 400038, guid: 996f0228d03f2114bb727b5df57dce86, type: 2}
  m_PrefabInternal: {fileID: 984322890}
  m_GameObject: {fileID: 1952245105}
  m_LocalRotation: {x: 0, y: 0, z: 0, w: 1}
  m_LocalPosition: {x: 0, y: 0, z: 0}
  m_LocalScale: {x: 0.1, y: 0.1, z: 0.1}
  m_LocalEulerAnglesHint: {x: 0, y: 0, z: 0}
  m_Children: []
  m_Father: {fileID: 846258117}
  m_RootOrder: 0
--- !u!23 &1952245107
MeshRenderer:
  m_ObjectHideFlags: 0
  m_PrefabParentObject: {fileID: 2300038, guid: 996f0228d03f2114bb727b5df57dce86,
    type: 2}
  m_PrefabInternal: {fileID: 984322890}
  m_GameObject: {fileID: 1952245105}
  m_Enabled: 1
  m_CastShadows: 1
  m_ReceiveShadows: 1
  m_MotionVectors: 1
  m_LightProbeUsage: 0
  m_ReflectionProbeUsage: 1
  m_Materials:
  - {fileID: 10302, guid: 0000000000000000f000000000000000, type: 0}
  m_SubsetIndices: 
  m_StaticBatchRoot: {fileID: 0}
  m_ProbeAnchor: {fileID: 0}
  m_LightProbeVolumeOverride: {fileID: 0}
  m_ScaleInLightmap: 1
  m_PreserveUVs: 0
  m_IgnoreNormalsForChartDetection: 0
  m_ImportantGI: 0
  m_SelectedWireframeHidden: 0
  m_MinimumChartSize: 4
  m_AutoUVMaxDistance: 0.5
  m_AutoUVMaxAngle: 89
  m_LightmapParameters: {fileID: 0}
  m_SortingLayerID: 0
  m_SortingOrder: 0
--- !u!135 &1952245108
SphereCollider:
  m_ObjectHideFlags: 0
  m_PrefabParentObject: {fileID: 13500038, guid: 996f0228d03f2114bb727b5df57dce86,
    type: 2}
  m_PrefabInternal: {fileID: 984322890}
  m_GameObject: {fileID: 1952245105}
  m_Material: {fileID: 0}
  m_IsTrigger: 0
  m_Enabled: 1
  serializedVersion: 2
  m_Radius: 0.5000001
  m_Center: {x: 0.000000059604645, y: 0, z: -0.00000008940697}
--- !u!33 &1952245109
MeshFilter:
  m_ObjectHideFlags: 0
  m_PrefabParentObject: {fileID: 3300038, guid: 996f0228d03f2114bb727b5df57dce86,
    type: 2}
  m_PrefabInternal: {fileID: 984322890}
  m_GameObject: {fileID: 1952245105}
  m_Mesh: {fileID: 10207, guid: 0000000000000000e000000000000000, type: 0}
--- !u!1 &2023168655
GameObject:
  m_ObjectHideFlags: 0
  m_PrefabParentObject: {fileID: 120028, guid: 0ec3a592220ce4046b4ad98b2a7554b2, type: 2}
  m_PrefabInternal: {fileID: 552313908}
  serializedVersion: 4
  m_Component:
  - 4: {fileID: 2023168656}
  m_Layer: 0
  m_Name: spine
  m_TagString: Untagged
  m_Icon: {fileID: 0}
  m_NavMeshLayer: 0
  m_StaticEditorFlags: 0
  m_IsActive: 1
--- !u!4 &2023168656
Transform:
  m_ObjectHideFlags: 0
  m_PrefabParentObject: {fileID: 498542, guid: 0ec3a592220ce4046b4ad98b2a7554b2, type: 2}
  m_PrefabInternal: {fileID: 552313908}
  m_GameObject: {fileID: 2023168655}
  m_LocalRotation: {x: 0, y: 0, z: 0, w: 1}
  m_LocalPosition: {x: -2, y: 4.440892e-16, z: 0.0011018036}
  m_LocalScale: {x: 1, y: 1, z: 1}
  m_LocalEulerAnglesHint: {x: 0, y: 0, z: 0}
  m_Children:
  - {fileID: 463205824}
  - {fileID: 1021525280}
  - {fileID: 1546102277}
  m_Father: {fileID: 1216067978}
  m_RootOrder: 0
